2896 4688
207 233 269 300 298
592 253 615 306 S.
631 253 740 306 Aureli
760 254 934 322 Augustini

205 448 350 511 praesens
371 435 404 494 ot
425 431 571 510 sutorum,
603 432 656 495 sod
684 432 815 496 fortasse
844 432 964 514 proprie
991 433 1156 497 diceretur:
1186 436 1326 516 ternpore

205 539 278 598 sunt
307 534 376 614 tria,
405 552 551 618 praesens
580 535 618 599 de
646 535 832 620 praeteritis,
861 554 1006 621 praesens
1036 537 1073 601 do
1100 537 1325 619 praesentibus,

205 657 351 724 praesens
374 638 555 705 defuturis.
598 644 680 729 sunt·
693 641 776 705 enim
799 641 874 705 haec
900 642 932 706 in
959 641 1063 706 anime
1088 641 1149 706 tria
1173 642 1325 724 quaedam

206 750 237 811 et
258 744 331 810 alibi
353 763 389 810 ea
411 763 473 810 non
494 745 594 827 uideo,
622 762 769 827 praesens
792 746 830 810 de
854 746 1027 828 praeteritis
1050 747 1208 827 memoria,
1237 764 1325 830 prae-

205 869 276 915 sens
299 849 336 914 de
358 848 571 932 praesentibus
593 850 758 931 contuitus,
780 867 926 933 praesens
948 851 985 915 de
1007 851 1120 916 futuris
1145 852 1323 935 expectatio.
1365 879 1379 917 s

205 956 232 1020 si
254 954 330 1019 haec
351 954 559 1039 permittimur
580 954 691 1036 dicere,
720 955 779 1019 tria
800 958 940 1041 tempora
960 955 1049 1020 uideo
1072 956 1240 1039 fateorque,
1266 956 1325 1021 tria

206 1063 288 1123 sunt.
326 1059 444 1124 dicatur
465 1059 573 1124 etiem:
595 1061 735 1142 tempora
758 1062 832 1124 sunt
853 1059 921 1141 tria,
943 1060 1155 1143 praeteritum,
1177 1078 1324 1144 praesens
1395 1062 1404 1082 ⁶

206 1169 237 1229 et
258 1163 408 1244 futurum,
430 1164 510 1229 sieut
530 1163 665 1228 abutitur
687 1164 888 1239 consuetudo;
912 1164 1040 1230 dicetur.
1075 1182 1145 1229 ecce
1168 1184 1230 1231 non
1252 1183 1325 1230 curo

205 1288 261 1334 nec
281 1269 391 1334 resisto
413 1286 470 1334 nec
491 1268 691 1353 reprehendo,
720 1269 793 1333 dum
823 1273 929 1334 ermen
951 1269 1149 1354 intellegetur
1176 1271 1256 1352 quod
1279 1269 1325 1333 di·

205 1375 293 1455 citur,
323 1373 485 1456 negocio,
514 1374 595 1456 quod
617 1374 755 1438 futurum
781 1379 837 1454 est,
868 1392 936 1438 esse
958 1375 1030 1454 iam,
1057 1392 1155 1456 noque
1178 1375 1219 1456 io,
1242 1374 1324 1457 quod
1352 1405 1379 1442 ιε

204 1479 404 1561 praeteritum
434 1480 490 1542 est.
536 1495 635 1559 pauca
666 1482 740 1542 sunt
773 1479 865 1558 enim,
901 1496 979 1561 qnae
1007 1479 1129 1563 proprie
1158 1478 1324 1560 loquimur,

205 1583 293 1665 plura
315 1600 376 1646 non
399 1583 528 1665 proprie,
551 1582 606 1646 sed
628 1583 802 1666 agnoscitur
824 1583 895 1665 quid
919 1583 1060 1647 nolimus.

134 1694 172 1748 27
248 1686 331 1750 ΧΧΙ.
355 1686 424 1749 Diri
447 1702 519 1769 ergo
541 1685 632 1768 paulo
655 1689 736 1766 anto,
759 1686 839 1768 quod
857 1688 1083 1768 praetereuntia
1104 1689 1242 1768 tempora
1258 1705 1324 1750 me-

205 1789 308 1868 timur,
337 1794 372 1852 ut
400 1789 554 1871 possimne
577 1788 675 1852 dicere
698 1789 826 1871 duplum
848 1789 995 1853 essehoc
1016 1789 1162 1873 temporis
1185 1789 1224 1853 ad
1246 1790 1324 1854 illud

206 1883 349 1975 simplum
380 1896 433 1956 aut
459 1895 579 1956 tuntum
610 1892 667 1955 hoc
696 1895 847 1974 qnantum
876 1892 952 1956 illud
978 1896 1010 1956 et
1036 1894 1062 1957 si
1084 1892 1158 1976 qirid
1179 1893 1262 1958 aliud
1284 1893 1322 1958 do
1351 1922 1376 1962 ιε

204 1996 340 2082 partibus
368 2001 540 2081 temporum
570 2013 733 2079 possumus
760 1996 936 2061 renuntiare
963 1997 1124 2062 metiendo.
1170 1999 1321 2080 quocirca,

205 2106 240 2167 nt
261 2101 411 2182 dicebam,
440 2101 668 2185 praetereuntia
693 2100 838 2165 metimur
868 2104 1016 2182 tempora,
1046 2104 1078 2164 et
1103 2102 1221 2183 siquis
1245 2103 1321 2167 mihi

205 2206 299 2272 dicat:
317 2207 418 2288 „unde
433 2204 535 2272 scis?“
558 2206 775 2291 respondeam:
797 2206 870 2287 scio,
885 2205 956 2288 qnia
971 2205 1126 2282 metimur,
1147 2223 1203 2270 nec
1219 2207 1322 2272 metiri

203 2329 282 2393 qnae
310 2329 371 2377 non
400 2314 474 2377 sunt
501 2330 676 2395 possumne,
704 2315 736 2376 et
761 2328 822 2375 non
849 2314 922 2376 eunt
946 2309 1110 2395 praeterita
1135 2310 1185 2374 uel
1207 2311 1320 2377 futura.

204 2432 350 2498 praesens
379 2433 451 2480 uero
481 2419 603 2498 tempus
633 2415 784 2498 quomodo
814 2416 969 2495 metimur,
996 2414 1117 2497 quando
1144 2415 1322 2481 nonhabet
1347 2444 1374 2484 ιο

205 2519 359 2600 spatium?
381 2520 506 2583 metitur
529 2537 601 2602 ergo
623 2537 693 2584 oum
716 2517 871 2601 praeterit,
899 2537 970 2582 cum
992 2522 1097 2582 auteur
1119 2520 1321 2602 praeterierit,

204 2639 264 2686 non
287 2622 426 2696 metitum
449 2623 521 2704 quid
544 2623 625 2687 onim
649 2622 805 2703 metiatur,
828 2639 888 2686 non
912 2623 979 2685 erit.
1024 2621 1076 2685 sed
1104 2622 1184 2686 unde
1207 2627 1322 2706 etqua

204 2729 236 2789 et
257 2742 316 2807 quo
337 2727 491 2808 praeterit,
514 2744 584 2789 cum
608 2726 753 2790 metitur?
782 2726 863 2790 unde
885 2726 944 2791 nisi
966 2745 1002 2790 er
1024 2725 1148 2791 futuro?
1179 2746 1239 2809 qna
1261 2729 1322 2794 nisi

203 2848 257 2913 per
274 2833 441 2912 praesens?
463 2847 523 2911 quo
545 2829 605 2894 niai
627 2830 658 2894 in
680 2828 902 2912 praeteritum?
923 2848 959 2895 er
974 2830 1027 2895 illo
1043 2849 1125 2915 ergo,
1147 2833 1228 2915 qnod
1243 2851 1320 2898 non·

203 2934 276 2998 dum
300 2938 355 3014 est,
377 2953 432 3016 per
452 2934 537 3014 illud,
560 2933 640 3016 quod
663 2933 762 3017 spatio
785 2938 868 3000 caret
899 2935 931 2998 in
952 2935 1038 3015 illud,
1067 2935 1149 3018 quod
1173 2937 1235 3002 iam
1258 2957 1319 3003 non
1346 2963 1372 3004 ιε

203 3042 259 3103 est.
296 3039 367 3121 quid
390 3041 492 3104 autem
514 3040 660 3104 metimur
682 3039 741 3105 nisi
764 3043 886 3123 tempus
906 3039 939 3104 in
954 3040 1056 3122 aliquo
1078 3040 1197 3123 spatio?
1220 3060 1318 3124 neque

202 3143 283 3207 enim
306 3142 434 3207 dicimus
456 3142 569 3225 simpla
590 3146 622 3207 et
643 3142 737 3227 dupla
759 3145 791 3208 et
812 3144 905 3227 tripla
926 3144 958 3207 et
980 3143 1119 3225 aequalia
1144 3148 1176 3210 et
1197 3145 1224 3209 si
1246 3145 1318 3228 qaid

201 3245 259 3309 hoc
281 3246 369 3311 modo
391 3247 422 3310 in
444 3249 581 3328 tempore
609 3245 736 3321 dicimus
763 3247 823 3311 nisi
850 3247 949 3330 spatia
976 3250 1159 3329 temporum.
1203 3248 1317 3331 inquo

246 3568 445 3633 lpraeoense*
416 3560 634 3632 *epraeteritum
652 3563 714 3619 eti
733 3561 776 3632 (de
793 3582 861 3631 rao.;
879 3580 923 3618 um
941 3581 974 3619 cc:
989 3563 1151 3633 irsoum
1198 3568 1270 3634 2pr
1290 3525 1318 3635 gt

202 3650 382 3720 praesentibus
393 3650 541 3720 praetenta
552 3651 613 3717 (om
627 3667 710 3721 praes
723 3651 766 3721 de)
781 3652 817 3708 W
864 3650 1118 3727 StrieinnnimaO
1163 3653 1276 3710 trinom.
1287 3654 1321 3709 H

202 3738 380 3806 5expectioF
422 3738 670 3806 opermi'rtimueB,
679 3739 894 3807 permittitnrM‚
903 3738 1146 3843 permittunturQ¹
1196 3742 1226 3796 12
1236 3756 1317 3809 agno

203 3850 357 3919 scitur(··
374 3851 435 3904 cdd.
454 3868 487 3904 m.
504 3852 531 3919 3)
557 3851 586 3920 0,
608 3851 775 3919 agnoscimur
795 3852 826 3906 H
891 3854 923 3908 13
940 3854 1059 3922 temporp
1076 3851 1106 3907 F
1171 3855 1203 3908 14
1224 3869 1317 3922 possu-

203 3936 356 3993 mquW
413 3936 619 3993 lodeom.W
670 3940 973 4009 l9pr..¹auntomW
975 3939 1151 4009 ,possuntO
1209 3942 1241 3996 21
1263 3956 1316 3994 me

203 4024 285 4080 timur
302 4025 339 4079 Μ
385 4025 419 4079 22
437 4040 493 4077 mo
496 4023 563 4077 titur
580 4025 608 4092 (n
625 4028 691 4093 roe.)
709 4027 736 4080 P
785 4026 855 4095 qnod
875 4027 930 4082 GV
978 4026 1114 4096 metiatur]
1136 4026 1244 4081 metitur
1267 4027 1315 4083 W¹

202 4112 237 4167 24
254 4127 301 4181 per
317 4129 366 4167 om.
380 4111 417 4164 W
465 4113 498 4166 25
516 4110 599 4180 emet]
618 4113 757 4180 caperetS
807 4115 853 4169 ult.
872 4112 948 4168 illum
960 4113 1042 4170 BFP
1090 4112 1124 4169 27
1145 4116 1173 4166 et
1190 4112 1271 4183 dupla
1287 4116 1315 4168 et

204 4197 282 4269 triple
299 4216 349 4254 ono.
363 4199 386 4255 S
434 4199 468 4253 28
485 4196 581 4267 spatia]
599 4196 668 4252 inter
685 4197 771 4269 spatia
787 4199 922 4271 Bappo,
937 4214 956 4269 p
974 4200 1059 4269 spatie
1080 4199 1128 4256 W¹
