2896 4688
250 253 312 318 318
636 271 661 324 S,
676 271 787 324 Aureli
807 271 984 337 Augustini

250 445 402 509 haerendo
417 444 600 508 beatitudini
619 439 699 522 tiras,
716 442 807 508 beatu
822 445 1008 525 sempiterno
1020 444 1226 509 inhabitatore
1239 448 1384 525 teutone

250 548 446 614 inlustratum
476 550 545 613 suot
577 566 633 612 nec
655 549 788 626 inuenio,
817 548 887 629 qnid
911 547 1058 613 libentius
1081 548 1301 641 appellandum
1328 567 1385 612 ex-

250 653 386 717 istimem
408 653 549 717 eaelum
575 653 668 717 eaeli
699 651 843 717 domino
871 669 964 734 qnam
987 652 1113 719 domum
1134 656 1220 716 tuam
1235 656 1385 721 contem·

250 757 390 840 plantem
420 754 656 822 delectationem
685 759 770 820 tuam
801 756 867 820 sine
894 755 957 820 ullo
987 754 1109 820 defectu
1137 755 1317 843 egrediendi
1348 756 1385 820 in

251 854 343 939 alind,
365 863 502 925 mentem
524 866 634 943 puram
663 859 898 925 concordissime
928 877 1022 925 unam
1052 859 1261 924 stabilimento
1290 861 1384 943 pacis
1423 886 1436 927 a

251 969 428 1030 sanctorum
450 964 623 1047 spirituum,
645 964 759 1029 ciuium
781 964 915 1028 ciuitatis
938 967 1009 1029 tuae
1025 965 1056 1028 in
1073 963 1258 1029 caelestibus
1282 983 1385 1049 snper

251 1070 312 1133 ista
334 1067 489 1133 caelestia

181 1182 219 1236 13
295 1170 383 1236 Vnde
410 1171 572 1256 intellegat
600 1172 716 1252 anima,
746 1172 832 1236 euius
862 1172 1066 1256 peregrinatio
1094 1172 1263 1256 longinqua
1294 1173 1385 1238 saeta

252 1280 310 1356 est,
340 1276 366 1339 si
394 1277 455 1340 iam
487 1277 551 1341 sitit
579 1275 646 1357 tibi,
678 1277 704 1341 si
725 1275 787 1341 iam
814 1277 915 1340 lectae
941 1282 1015 1340 sunt
1040 1276 1068 1340 ei
1096 1277 1269 1344 lacrimae
1303 1296 1385 1343 snae

252 1379 371 1463 panis,
401 1378 484 1443 darn
506 1379 644 1445 dicitnr
666 1381 693 1444 ei
716 1398 778 1464 per
801 1380 968 1464 singulos
996 1380 1087 1444 diest
1117 1380 1180 1444 ubi
1206 1385 1264 1444 est
1287 1382 1385 1446 deus
1409 1407 1430 1448 s

252 1487 358 1548 tuns?
381 1483 492 1548 eiiam
514 1484 593 1566 petit
614 1500 633 1548 a
654 1488 685 1548 te
707 1501 815 1548 unam
837 1487 873 1547 et
895 1483 989 1548 hene
1010 1484 1148 1566 requirit,
1170 1484 1386 1550 ntinhahitet

252 1587 289 1651 in
315 1586 417 1651 domo
446 1590 500 1651 tua
524 1606 586 1670 per
613 1605 736 1652 omnes
766 1587 839 1651 dies
869 1586 969 1652 uitae
999 1590 1097 1652 suae?
1141 1592 1279 1669 atquae
1313 1590 1385 1653 nita

253 1691 320 1753 eins
350 1690 409 1754 nisi
439 1693 494 1754 tu?
528 1694 560 1754 et
587 1691 640 1772 qui
668 1690 733 1755 dies
760 1691 806 1754 tni
828 1691 887 1754 nisi
909 1692 1075 1756 aeterniter
1098 1696 1161 1770 tna,
1183 1691 1264 1755 sicut
1286 1693 1382 1757 unni

253 1793 322 1871 tui,
355 1793 408 1873 qui
438 1810 507 1856 non
537 1792 736 1872 deliciunt,
768 1793 840 1874 quis
868 1793 962 1858 idem
992 1795 1070 1876 ipse
1099 1796 1157 1858 es?
1201 1793 1272 1857 hinc
1303 1813 1382 1879 ergo

254 1897 414 1980 intelleget
442 1896 554 1975 anima,
584 1913 662 1978 quae
684 1899 795 1978 potest,
826 1915 918 1978 quam
942 1898 1033 1982 longe
1055 1897 1273 1981 superomnia
1295 1901 1382 1963 tem·
1409 1923 1433 1964 u

253 2017 328 2084 pora
354 2001 395 2064 sis
423 2003 574 2080 aeternus,
604 1999 725 2082 quando
752 2003 807 2063 tua
832 2001 951 2079 domus,
982 2019 1060 2082 quae
1089 2002 1285 2085 peregrinata
1315 2021 1380 2068 non

254 2109 312 2184 est,
334 2105 476 2187 quamuis
498 2121 560 2169 non
582 2105 624 2168 sit
644 2103 699 2168 tihi
722 2108 893 2184 coaeterna,
914 2108 1019 2169 mmen
1042 2105 1248 2170 indesinenter
1275 2110 1307 2169 et
1331 2108 1381 2172 in·

217 2193 219 2197 ’
255 2207 431 2273 deficienter
446 2207 503 2272 tibi
517 2206 706 2272 cohaerendo
723 2209 839 2274 nullam
855 2209 971 2292 patitur
993 2207 1237 2273 uicissitudinem
1255 2213 1381 2292 tempo·

254 2330 332 2375 rum.
369 2312 427 2376 hoc
452 2311 485 2375 in
516 2316 681 2394 conspeetu
709 2316 762 2376 tuo
791 2313 888 2377 claret
917 2313 993 2377 mihi
1024 2315 1055 2376 et
1086 2313 1186 2395 magis
1215 2313 1382 2396 magisque

255 2415 414 2492 clarescet,
437 2431 489 2477 oro
508 2419 549 2492 te,
572 2417 663 2495 atque
678 2416 710 2478 in
726 2414 783 2478 hae
799 2416 1045 2480 manifestatione
1067 2417 1231 2497 persistam
1253 2416 1382 2482 sobrius
1409 2443 1438 2483 ss

255 2517 313 2580 suh
336 2517 393 2580 alis
416 2517 486 2580 tuis.
719 2512 727 2531 '

171 2629 223 2683 ·14
300 2620 377 2683 ltece
397 2620 499 2683 neseio
518 2619 590 2701 qnid
611 2621 740 2684 informe
763 2622 794 2685 in
817 2622 886 2686 istis
909 2622 1132 2686 mutationibus
1154 2642 1256 2687 rerum
1277 2628 1382 2688 extre-

256 2740 376 2786 marum
400 2726 490 2804 atque
512 2723 714 2803 infirmarum,
738 2725 859 2806 etquis
882 2725 963 2789 dicet
982 2725 1067 2805 mihi,
1091 2726 1150 2790 nisi
1166 2727 1305 2808 quisquis
1321 2748 1384 2810 per

257 2826 360 2890 lisania
388 2826 486 2890 cordis
510 2827 555 2890 sni
579 2844 650 2892 enm
673 2829 738 2892 suis
760 2829 987 2912 phantasmatis
1017 2834 1147 2913 uagatur
1174 2836 1205 2894 et
1228 2829 1382 2905 uoluitur.

255 3059 277 3113 1>
358 2972 586 3042 e]Ps.113‚16.
656 2974 986 3044 9]Ps.41‚3.4st11.
1059 2975 1258 3050 iuretur.
1332 2978 1381 3048 13]

280 3062 426 3123 s.1o1‚28.

301 3194 312 3246 1
340 3188 503 3244 beatitudine
530 3188 570 3244 1³¹
656 3189 833 3245 inhabitatore
858 3190 889 3245 F
970 3194 996 3245 te
1023 3194 1101 3259 atque
1125 3191 1154 3245 in
1179 3193 1317 3263 suppleuit
1338 3193 1382 3250 δ’

255 3268 353 3371 tquld
370 3303 407 3358 Μ
470 3300 625 3373 appellando
646 3301 691 3371 0¹,
709 3301 888 3372 appellentum
906 3302 937 3357 F
1001 3304 1168 3357 estimeml'
1235 3305 1378 3359 3easlum

257 3389 322 3442 caeli
340 3391 427 3458 suppl.
442 3384 478 3445 δ’
529 3389 750 3458 regredientur}
801 3387 1037 3445 teoneordissimo
1050 3389 1098 3444 Μ’
1150 3407 1202 3443 uns
1220 3393 1256 3444 W
1302 3392 1378 3459 pacis

257 3473 359 3529 mirum
376 3474 515 3546 supple*
575 3475 707 3530 licinium
725 3474 856 3545 ΜΨ
916 3476 1002 3530 ‘licta
1019 3494 1068 3531 om.
1085 3475 1123 3546 ρ’
1183 3476 1378 3548 attrahamur)

257 3562 344 3630 sappi.
365 3558 402 3616 δ’
469 3560 555 3631 euius]
577 3562 651 3630 eruis
673 3561 716 3631 W,
739 3563 899 3630 quantumi
967 3562 1173 3630 peregrinatio„
1197 3565 1237 3627 Μ,
1259 3565 1377 3633 peregri-

259 3646 399 3700 nationel
460 3645 552 3702 aubi
579 3648 641 3703 cdd.
665 3645 708 3702 Ρ·
767 3646 888 3718 lactcO
949 3651 981 3704 10
1003 3664 1082 3717 penes
1104 3647 1153 3705 Μ’
1212 3649 1377 3704 dum-tuns

258 3730 366 3801 coaQ¹
419 3735 448 3788 11
474 3731 598 3801 petiitB
651 3736 683 3790 12
704 3733 833 3787 domnl'
886 3735 918 3789 13
937 3733 994 3803 qui]
1017 3736 1129 3803 quseB
1181 3736 1231 3806 tui]
1256 3741 1287 3790 tu
1312 3738 1382 3792 VW

261 3820 291 3872 14
311 3816 432 3871 deficient
448 3818 509 3873 ΕΗ
592 3822 624 3875 16
641 3821 691 3873 scis
709 3821 739 3875 F
820 3820 958 3889 peregrina
979 3821 1042 3876 VW
1126 3824 1157 3878 l‘l
1180 3822 1331 3886 deficienter
1348 3824 1381 3881 F

261 3933 293 3986 18
311 3929 436 3984 coercnde
458 3931 494 3985 W
551 3932 733 3996 uicissitudine
754 3932 793 3988 W
850 3935 882 3989 19
900 3938 927 3987 et
943 3950 993 3990 om.
1007 3932 1046 3988 W
1102 3935 1137 3990 20
1153 3902 1199 4003 orl
1216 3935 1246 3990 F
1304 3935 1374 3990 hane

263 4018 293 4083 V,
311 4017 378 4084 hece
399 4017 447 4071 G*
486 4017 774 4074 manifestationeml'
833 4021 867 4076 22
885 4020 921 4088 qh
938 4020 975 4075 Μ
1031 4034 1115 4074 norme
1132 4021 1159 4075 P
1218 4024 1252 4076 23
1269 4021 1373 4076 inlima-

260 4121 317 4158 rnm
336 4102 410 4159 MP·
478 4104 540 4172 quid
560 4105 625 4158 dicit
641 4106 672 4161 F
735 4107 769 4160 24
792 4105 889 4175 cordis]
912 4106 1027 4176 eorporis
1049 4107 1079 4162 F
1144 4107 1373 4176 phantasmatibus

261 4190 411 4256 (βψω,
426 4189 630 4245 fantasmatibus
648 4190 779 4262 BOFPQ
830 4192 975 4246 inuoluitur
991 4194 1022 4248 F
