2896 4688
612 282 788 340 Praelatio.
1169 271 1261 329 XXXI

144 461 352 540 1-33xl11‚
375 457 512 523 34-38.
551 459 655 523 uariae
677 458 816 523 lectionis
847 459 1015 541 specimina
1043 477 1104 522 non
1134 459 1194 524 nisi
1223 461 1259 522 sd

140 567 244 649 capita
265 565 336 628 libri
358 563 450 646 primi
473 563 504 627 in
529 566 710 645 apparatum
734 562 845 645 recepi.
876 565 943 626 urta
958 566 1063 626 autem
1079 563 1260 646 cognatione

141 687 212 732 cum
241 666 321 731 libro
344 664 519 730 colbert-ino
542 664 635 729 VIIII
658 666 783 745 saeculi,
813 684 904 746 quem
934 665 1039 730 littora
1061 665 1084 730 O
1106 667 1260 748 insiguiui,

141 772 305 835 cohaerere
330 769 461 848 uidetur,
493 769 571 832 sicut
600 787 636 831 er
665 769 881 832 communione
910 769 1101 850 quarundam
1131 768 1262 851 scriptu·

142 892 247 937 rarum
280 872 382 956 colligi
410 875 521 956 potest,
552 874 639 937 uelut
668 870 693 951 Ι,
724 872 751 952 1,
782 873 795 932 1
826 873 869 954 (p.
889 873 916 952 1,
939 870 972 956 8)
1002 871 1059 956 qui
1087 891 1142 956 pro
1172 871 1260 955 quio,

133 977 167 1056 l,
192 975 220 1056 7,
246 976 281 1038 11
307 975 350 1058 (p.
366 973 396 1056 9,
423 974 475 1060 14)
493 973 660 1061 purgabat
682 993 737 1057 pro
757 984 890 1060 perpet,
914 975 939 1056 Ι,
963 974 1012 1055 10,
1037 974 1077 1038 16
1100 974 1143 1058 (p.
1162 975 1211 1056 15,
1226 975 1261 1059 5)
1354 1037 1355 1041 ,

140 1077 319 1163 periculose
340 1098 395 1162 pro
413 1100 476 1163 per
498 1077 620 1158 scalea·
642 1080 710 1143 uide
733 1080 809 1143 alias
831 1081 863 1144 in
886 1084 1035 1163 apparatu
1061 1081 1174 1146 critico.

185 1183 284 1248 codor
299 1183 493 1248 Parisinus
517 1203 546 1246 n.
565 1181 679 1262 12191,
700 1183 774 1247 olim
789 1183 1065 1266 Sangermanensis
1083 1183 1151 1267 (Ec
1166 1182 1261 1247 libris
1287 1181 1312 1246 ll

140 1285 245 1348 eoacti
277 1283 433 1349 Germani
462 1309 483 1347 o
511 1286 623 1349 Pratis
652 1285 862 1349 Parisiorum
891 1309 923 1347 a.
947 1287 1020 1363 237,
1053 1285 1131 1349 olim
1159 1287 1259 1373 1092)

140 1389 406 1470 membranaceus,
437 1391 663 1469 miscellaneae,
693 1409 717 1453 s.
735 1390 852 1454 x-xl
882 1391 1026 1473 scriptus,
1056 1391 1127 1455 inde
1150 1409 1169 1455 a
1190 1392 1261 1456 folio

140 1492 302 1556 82-176'
332 1494 568 1559 confessionum
597 1493 692 1557 libros
722 1495 946 1577 complectitur.
991 1494 1041 1558 hic
1070 1493 1147 1559 liber
1176 1495 1262 1560 initio

140 1598 269 1662 mutilus
298 1602 355 1677 est,
385 1617 456 1662 cum
486 1617 538 1662 ser
567 1599 668 1681 priora
697 1600 798 1681 capita
827 1599 1009 1680 initiumque
1039 1599 1162 1681 septimi
1191 1599 1262 1663 libri

140 1702 232 1783 primi
252 1701 472 1767 desiderentur.
499 1702 607 1785 incipit
630 1720 648 1765 a
670 1700 772 1765 uerbis
792 1700 964 1786 Troicaque
980 1701 1019 1783 (Ι,
1036 1701 1065 1781 7,
1085 1700 1146 1786 12).
1174 1721 1263 1786 prae-

141 1804 221 1867 cedit
243 1810 347 1868 autem
369 1805 506 1869 eiusdem
526 1804 695 1888 Augustini
718 1823 793 1888 opus
809 1804 858 1867 De
876 1826 1029 1868 consensa
1051 1804 1261 1893 euangelista

140 1928 223 1970 mom.
272 1908 332 1972 luit
365 1909 438 1973 olim
471 1908 676 1973 bibliothecae
706 1910 806 1974 sancti
834 1909 936 1974 Mauri
968 1909 1158 1975 Fossatensis
1189 1911 1260 1994 (snb

140 2030 170 2074 n.
196 2010 249 2091 70)
279 2016 311 2075 et
339 2017 387 2077 est
416 2013 468 2076 illc
498 2013 702 2091 Fossatensis,
736 2032 829 2094 quem
859 2013 995 2078 Maurini
1024 2016 1055 2078 in
1085 2016 1261 2079 adornanda

141 2115 272 2179 editione
294 2133 351 2179 sua
373 2115 588 2180 adhibuerunt.
614 2134 686 2180 nam
710 2116 758 2180 his
781 2118 916 2198 quinque
938 2118 1013 2180 locis
1036 2119 1202 2199 scripturas
1225 2138 1260 2183 er

141 2236 175 2282 ao
203 2219 473 2303 deprompserunt:
504 2219 530 2298 I,
554 2218 584 2300 8,
610 2219 650 2282 13
681 2219 724 2303 (p.
744 2220 791 2298 ll,
815 2217 870 2302 21)
898 2217 1146 2304 praesonabam
1175 2222 1260 2302 VIII,

141 2318 172 2400 2,
196 2321 216 2384 3
239 2322 282 2406 (p.
306 2321 377 2402 172,
400 2322 434 2406 3)
460 2320 610 2407 spirabat
636 2321 893 2407 popiliosiam;
924 2325 963 2402 X,
986 2323 1037 2402 36,
1060 2322 1101 2386 59
1125 2325 1166 2407 (p.
1189 2324 1261 2404 271,

142 2423 195 2508 19)
217 2425 379 2504 imitanti,·
406 2428 445 2505 X,
469 2426 520 2508 43,
544 2425 585 2488 68
610 2428 651 2509 (p.
669 2424 743 2509 278,
768 2426 821 2511 lo)
849 2425 922 2488 binc
946 2425 1179 2491 demonstratas
1202 2439 1262 2507 est,

139 2528 210 2608 XII,
237 2528 285 2609 11,
309 2528 350 2592 12
371 2531 414 2613 (p.
429 2528 503 2610 317,
529 2528 582 2612 17)
604 2529 698 2592 cuius
721 2528 875 2616 uoluptas
892 2538 928 2592 tu
943 2528 1031 2592 solus
1046 2552 1087 2594 ss.
1124 2533 1260 2615 proxime

140 2637 244 2697 autem
270 2633 308 2696 ad
338 2634 453 2698 librum
475 2633 773 2718 sangermanensem
797 2633 825 2698 G
847 2637 990 2699 accedere
1019 2636 1150 2715 uidetur,
1181 2639 1261 2701 siout

141 2737 309 2820 scripturae
340 2739 505 2803 nonnullae
534 2739 605 2803 inde
635 2739 746 2804 allatae
777 2739 992 2805 demonstrant
1021 2740 1060 2821 (Ι,
1083 2739 1113 2820 8,
1138 2740 1192 2815 13;
1220 2742 1259 2821 X,

140 2836 192 2917 43,
216 2837 365 2918 6831111,
390 2841 439 2919 11,
465 2840 526 2923 12).

184 2940 302 3006 Collata
324 2946 398 3007 sunt
420 2962 454 3006 er
478 2962 513 3006 eo
537 2945 561 3022 1,
586 2943 705 3019 7-12;
727 2946 770 3024 Π,
795 2946 892 3020 1-4;
915 2947 969 3026 VI,
995 2946 1010 3009 1
1033 2944 1112 3019 et23
1135 2946 1206 3025 VII,
1231 2948 1258 3011 1.

27 3032 31 3039 ’
141 3046 258 3108 uariam
280 3045 443 3110 lectionem
467 3064 527 3109 nou
551 3047 612 3110 nisi
633 3048 672 3110 sd
694 3050 795 3131 capita
818 3047 923 3111 7-12
944 3050 1037 3131 primi
1059 3049 1130 3114 libri
1152 3050 1184 3112 in
1207 3051 1260 3113 ad-

140 3149 330 3213 notationem
351 3151 462 3232 recepi.

182 3251 289 3317 Libros
311 3253 468 3319 Parisinos
491 3254 519 3317 D
543 3258 574 3318 et
596 3254 621 3318 ll
644 3254 825 3319 Franciscus
848 3255 940 3320 Klein
968 3256 1105 3320 contulit

598 3483 736 3492 -------
741 3484 800 3491 —-

181 3665 338 3749 Quotquot
367 3672 471 3733 autem
496 3671 668 3734 examinati
696 3676 769 3736 sunt
795 3670 867 3736 libri
894 3672 1106 3755 manuscripti,
1134 3692 1169 3738 er
1197 3693 1258 3741 uno
1286 3686 1385 3741 Arche-

140 3771 307 3853 eodemque
328 3772 432 3837 codice
452 3774 620 3856 archetypo
643 3775 771 3839 deriuati
793 3794 861 3840 esse
884 3776 1037 3856 uidentur,
1063 3776 1094 3840 id
1120 3769 1200 3860 qood
1223 3799 1258 3844 er
1295 3777 1373 3844 tllms

138 3876 353 3941 communione
380 3877 598 3942 nonnullorum
625 3879 816 3960 mendorum,
843 3898 922 3961 qnae
949 3881 982 3945 in
1008 3881 1151 3945 omnibus
1172 3881 1258 3947 libris

139 3997 213 4043 mss.
237 3981 341 4044 traditi
363 3984 446 4060 sunt,
476 3980 632 4064 probatur.
671 4000 762 4064 quem
785 3983 987 4068 archetypum
1010 3985 1132 4049 saeculo
1154 3986 1182 4048 V
1204 3989 1259 4051 aut

138 4079 183 4145 VI
198 4082 309 4147 litteris
332 4084 504 4148 uncialibus
527 4085 675 4167 scriptum
698 4086 795 4150 fuisse
818 4105 854 4150 er
877 4091 988 4152 natura
1009 4089 1170 4170 indoleque
1192 4107 1258 4155 core

140 4185 329 4266 ruptelarum
358 4187 423 4251 ueri
446 4188 546 4252 simile
569 4193 625 4252 est.
671 4190 784 4253 menda
807 4194 922 4271 autem,
952 4193 1087 4273 quaein
1114 4192 1258 4258 omnibus
