2896 4688
162 268 186 324 X
632 282 806 335 Praefatio.

160 455 191 518 in
214 460 363 538 apparatu
386 457 490 520 critico
513 458 676 540 diligenter
698 459 851 523 adnotaui.
886 463 1024 524 ceterum
1050 460 1125 524 haec
1154 462 1277 543 saepius

160 576 253 641 quam
275 578 337 624 nno
358 560 425 625 loeo
447 560 592 624 adnotare
621 561 714 642 nolui,
744 581 783 626 ne
813 561 1042 628 adnotationem
1071 563 1163 628 huius
1194 565 1277 630 modi

158 661 261 744 rebus,
283 680 360 747 quaa
383 663 421 727 ad
443 664 631 728 recensenda
652 665 903 748 emendandaque
926 667 1021 732 uerba
1043 668 1144 732 minus
1160 668 1275 748 ualent,

158 784 326 831 onerarem.
349 767 382 831 in
404 767 581 831 adornanda
601 771 705 832 autem
728 769 858 833 editione
881 770 1017 835 codicem
1040 771 1153 854 ipsum,
1176 772 1274 854 quoad

158 871 254 951 potui,
276 870 308 934 in
330 869 572 954 orthographicis
595 873 683 935 anrie
706 876 830 936 secutus
853 891 932 937 sum.
968 875 1012 938 ita
1026 875 1145 938 lactum
1160 879 1218 955 est,
1240 879 1276 940 ut

158 973 308 1055 quasdam
330 974 482 1038 uocabula
502 974 551 1038 hic
574 975 754 1055 assimilata,
776 975 838 1040 illic
857 994 919 1041 non
934 977 1106 1041 assimilata
1120 979 1274 1061 legantur,

156 1081 248 1158 prout
268 1077 361 1141 codex
383 1096 420 1142 ea
442 1078 667 1161 suppeditabat.
700 1079 802 1160 itaque
825 1081 921 1143 etiam
940 1081 1124 1163 scripturam
1141 1099 1275 1163 quorun-

157 1179 229 1247 dam
262 1181 481 1246 uocabulorum
516 1181 617 1263 (uelut
646 1183 730 1246 nocis
763 1181 862 1266 inmo)
896 1183 1017 1247 etiamsi
1051 1202 1111 1247 non
1145 1185 1273 1268 probaui

155 1283 200 1347 ita
222 1285 354 1365 seruani,
377 1289 412 1350 nt
432 1285 524 1349 codex
549 1304 617 1349 eam
641 1285 812 1350 exhibebat.

197 1387 283 1453 Libri
305 1387 472 1454 sessoriani
502 1390 603 1472 priora
628 1387 670 1451 22
692 1390 765 1454 lolia
796 1391 906 1473 (usqne
929 1392 968 1455 ad
990 1392 1010 1455 l.
1024 1390 1051 1453 V
1066 1409 1092 1455 c.
1108 1389 1142 1474 9)
1170 1392 1273 1457 neseio

155 1493 224 1576 quis
255 1495 302 1558 nir
331 1494 448 1572 doctus,
478 1494 597 1576 reliqua
617 1492 659 1556 51
682 1495 755 1558 lolia
784 1496 944 1578 Augustus
972 1495 1089 1560 Lorena
1119 1495 1151 1559 in
1181 1514 1273 1560 usum
1303 1579 1307 1586 Ι

155 1598 339 1663 Academiae
362 1598 532 1661 litterarum
548 1597 794 1663 Vindobonensis
813 1599 1042 1664 accuratissime
1059 1603 1272 1674 excussernnt;

155 1707 261 1783 postea
289 1702 401 1766 librum
431 1701 615 1784 quibusdam
644 1703 729 1782 locis,
760 1702 813 1766 ubi
844 1705 876 1767 in
903 1704 1099 1769 collationem
1127 1722 1210 1769 orror
1231 1705 1272 1769 ir-

153 1806 285 1887 repsisse
307 1804 478 1884 uidebatur,
501 1805 525 1869 Ι.
542 1806 702 1870 Aschauer
724 1822 743 1869 a
764 1824 814 1869 me
836 1811 962 1889 rogatus
985 1807 1126 1889 inspexit.

114 1916 139 1982 0
198 1906 299 1972 (lodsr
312 1907 505 1973 Parisinus
528 1929 558 1974 n.
577 1908 668 1989 1911,
687 1910 760 1972 olim
776 1908 990 1990 Obrechtinns,
1006 1911 1270 1992 membranaceus,

153 2010 297 2075 loliorum
315 2008 384 2092 188,
408 2010 482 2075 088
498 2032 529 2076 m
545 2013 636 2093 altus,
659 2010 733 2076 010
749 2031 780 2076 m
796 2013 889 2092 letus,
911 2030 931 2076 a
949 2014 1001 2077 iol.
1020 2015 1051 2075 1¹
1072 2015 1115 2077 ad
1133 2014 1207 2077 188¹
1227 2016 1272 2079 in-

153 2120 255 2199 tegros
273 2116 419 2180 tredecim
439 2115 672 2182 Confessionum
691 2116 784 2181 libros
804 2116 943 2181 continet
962 2119 1198 2198 quaternionum
1218 2137 1271 2182 nu-

153 2221 246 2284 msrie
279 2220 328 2284 hio
359 2220 577 2334 illielalditis,
610 2222 698 2285 uelut
726 2220 759 2284 in
788 2220 927 2304 margine
953 2221 1096 2286 inforiore
1125 2221 1269 2302 10124',

152 2341 205 2405 ubi
235 2341 347 2424 legitur
377 2340 499 2472 §Holg'
537 2341 649 2405 codicis
671 2341 829 2424 inscriptio
851 2346 911 2407 est:

252 2501 560 2558 murmurarem
581 2491 724 2558 cornus
744 2497 884 2582 (rubrae)

253 2606 404 2662 ιιιιιιιιι
427 2587 494 2663 nii
517 2606 720 2663 uousrrur
746 2601 878 2686 (nigrae)

252 2710 295 2764 rs
312 2709 456 2766 nomrn
473 2711 603 2768 rnrars
621 2712 645 2764 a
661 2711 752 2768 ιιιιι
769 2712 793 2764 a
809 2694 872 2767 sis
890 2693 949 2770 sor
965 2711 1071 2767 ιιιιιιι
1093 2706 1240 2790 (rubas).

149 2844 180 2908 in
211 2845 293 2907 calce
322 2843 394 2909 libri
423 2861 533 2909 manus
563 2847 711 2927 posterior
740 2846 871 2909 tortasse
901 2844 965 2908 stili
994 2844 1143 2927 probandi
1174 2861 1268 2909 causa

150 2949 287 3032 scripsit:
317 2946 481 3012 redditam
509 2958 533 3010 o.
559 2945 596 3010 Si
622 2947 699 3012 deae
726 2955 778 3012 est.
816 2949 893 3013 liber
923 2949 963 3013 ab
993 2949 1094 3013 scriba
1122 2948 1268 3013 contiuua

149 3053 301 3137 scriptura
323 3070 529 3137 magnacum
551 3071 625 3118 cura
646 3056 786 3118 exaratus
809 3053 884 3116 duos
911 3056 1097 3118 correctores
1124 3055 1266 3135 expertus

149 3161 207 3239 est,
230 3157 281 3241 qni
304 3162 335 3221 et
355 3157 489 3222 radsndo
513 3163 544 3222 et
565 3157 764 3241 expungendo
788 3160 819 3219 et
841 3155 1094 3239 suprascribendo
1116 3158 1148 3219 et
1169 3156 1201 3219 in
1216 3173 1267 3220 ra-

149 3263 229 3327 suris
259 3262 390 3328 aliorum
418 3263 566 3328 librorum
600 3261 767 3343 scripturas
800 3260 916 3341 suaque
949 3260 1076 3323 inuenta
1104 3259 1265 3323 inserendo

148 3366 299 3449 imprimis
320 3369 451 3448 priorem
474 3365 545 3430 libri
563 3371 681 3447 partem
697 3363 935 3447 castiganerunt
973 3378 1104 3444 quorum
1119 3361 1173 3443 qni
1186 3365 1265 3426 tem-

148 3487 221 3552 pore
232 3471 314 3552 prior
324 3470 459 3533 codicem
471 3467 661 3547 retractauit,
676 3469 849 3531 enemente
859 3465 1028 3548 pallidiore,
1044 3464 1122 3529 alter
1134 3464 1264 3549 nigriore

149 3588 224 3634 usus
247 3575 303 3635 cst.
341 3572 392 3635 ille
415 3571 510 3644 aetati
530 3570 647 3634 librarii
668 3571 731 3634 iere
760 3586 874 3652 suppar
902 3568 1083 3633 correcturis
1113 3570 1177 3633 suis
1206 3569 1265 3634 irn-

148 3675 254 3758 primis
278 3674 373 3738 uerba
393 3673 485 3758 primi
504 3677 535 3738 et
554 3674 680 3738 alterium
694 3673 845 3738 librorum
859 3673 903 3737 ita
917 3673 1062 3753 uastauit,
1085 3676 1119 3737 ut
1132 3674 1265 3757 uestigia

148 3779 311 3862 primariae
334 3779 502 3861 scripturae
525 3795 616 3860 saepe
638 3777 689 3842 uir
712 3777 837 3858 dinosci,
868 3795 1099 3860 nonnumquam
1125 3796 1163 3842 ne
1186 3777 1264 3842 diui-

148 3883 249 3948 nando
272 3882 396 3965 quidem
418 3880 558 3946 extricari
577 3881 705 3964 possint.
736 3882 779 3946 ita
800 3882 916 3945 iactum
939 3885 996 3962 est,
1019 3885 1053 3946 ut
1074 3881 1124 3946 hic
1146 3897 1264 3945 correc-

148 3992 196 4053 tor
218 3984 277 4070 (0²
298 3986 348 4050 nel
367 3983 447 4049 Om.
463 3985 497 4070 2)
520 4002 752 4068 nonnumquam
771 3986 851 4050 falsa
865 3985 1016 4067 scriptura
1030 3983 1148 4050 librarii
1162 3983 1264 4049 deleta

147 4110 254 4156 ueram
270 4096 301 4155 et
315 4089 481 4175 genuinam
496 4089 682 4170 restitueret,
698 4091 783 4154 uelut
796 4109 825 4172 p.
839 4088 869 4170 5,
882 4086 916 4154 8:
940 4086 1052 4172 loquor
1065 4105 1119 4170 pro
1136 4084 1261 4172 loqaaar,

147 4195 276 4262 ibidem:
300 4192 358 4258 dito
379 4212 434 4276 pro
457 4191 519 4269 der,
541 4192 617 4277 pb,
636 4192 688 4256 13:
711 4190 937 4256 obecrcauer's'o
958 4210 1014 4276 pro
1028 4188 1260 4269 obseruabat,
