2896 4688
183 272 224 335 96
568 289 592 342 S.
606 288 717 342 Aureli
736 289 911 355 Augustini

183 464 258 527 mihi
284 463 382 542 tieret,
413 467 516 527 utrum
542 464 645 550 itapee
671 482 721 527 ree
744 463 874 528 haberet
901 481 941 527 an
970 464 1030 544 ita,
1059 463 1114 528 aed
1144 465 1186 530 ad
1215 465 1309 531 tidem

183 585 285 631 meam
313 566 395 631 illiue
421 567 637 631 auctoritatem
663 568 786 649 propter
813 566 962 631 creditam
991 567 1189 634 coeuntem
1218 584 1308 652 prae·

183 688 337 752 ponerem.

112 782 152 835 10
226 772 280 836 VI.
325 772 365 837 iit
393 792 448 857 per
477 790 574 837 annos
600 772 697 837 ierme
724 772 807 857 ipaoa
833 790 956 853 nouem,
983 772 1096 855 quibua
1123 791 1179 839 eoe
1204 774 1308 840 animo

183 875 385 959 uagabuodua
398 874 511 957 audiui,
528 877 620 941 nimia
632 881 754 941 extento
765 877 916 941 desiderio
927 881 1092 941 uenturum
1105 877 1307 961 expectabam
1335 902 1345 942 ι

182 979 457 1045 inundantum.
492 980 586 1044 ceteri
609 981 690 1045 enim
714 998 829 1061 eornm,
853 980 884 1043 in
907 997 982 1061 quoe
1002 979 1081 1045 iorte
1095 981 1308 1063 incurrissem,

183 1084 235 1166 qui
257 1084 366 1149 talium
388 1102 491 1148 rerum
514 1083 744 1166 quaestiouibus
760 1103 778 1148 a
793 1102 842 1147 me
857 1083 986 1148 obiectio
1001 1082 1197 1167 deficiebant,
1219 1086 1308 1152 illum

184 1187 258 1252 mihi
280 1187 512 1270 promittebant,
535 1188 621 1251 cuiue
637 1187 772 1251 aduentu
788 1188 969 1269 conlatoqne
984 1187 1145 1269 conloquio
1160 1187 1308 1255 facillime

184 1290 259 1354 mihi
284 1290 361 1356 haec
387 1294 418 1355 et
439 1291 466 1355 ai
488 1309 550 1373 qna
571 1289 650 1354 torte
673 1291 790 1355 maiora
812 1308 990 1372 quaererem
1013 1290 1237 1357 enodatissime
1257 1311 1308 1358 er·

183 1393 368 1477 pedireutur.
413 1411 485 1478 ergo
507 1394 560 1458 ubi
581 1395 678 1474 uenit,
700 1398 841 1476 expertus
864 1412 935 1458 sum
956 1393 1114 1458 hominem
1133 1398 1263 1479 gratum
1277 1399 1308 1461 et
1328 1420 1348 1462 ιι

182 1497 349 1562 iucundum
382 1495 485 1562 uerbis
518 1502 550 1562 et
579 1515 616 1561 ea
645 1497 722 1582 ipsa,
756 1515 833 1580 quae
860 1497 905 1561 illi
934 1498 1035 1562 solent
1061 1497 1172 1578 dicere,
1208 1500 1307 1565 mutto

184 1602 310 1665 auauiua
331 1601 528 1684 garrientem.
574 1600 627 1665 aed
650 1601 723 1682 quid
746 1601 784 1665 ad
807 1619 909 1666 meam
932 1601 1016 1665 sitim
1031 1601 1240 1685 pretiosorum
1254 1620 1308 1687 po·

184 1703 323 1768 culorum
345 1703 579 1767 decentissimus
602 1704 813 1769 ministrator?
850 1705 912 1769 ium
934 1704 1026 1769 rebus
1045 1703 1161 1770 talibus
1176 1706 1307 1772 aurae

184 1812 272 1871 erant
305 1823 394 1871 aurea
426 1824 524 1886 meae,
558 1825 614 1872 nec
646 1807 713 1872 ideo
743 1808 820 1873 mihi
850 1808 977 1875 meliora
1005 1808 1202 1892 uidebantur,
1236 1811 1308 1894 qun

185 1910 294 1975 melius
316 1908 505 1991 dicebantur,
528 1928 584 1974 nec
606 1911 674 1976 ideo
688 1928 772 1992 uera,
793 1912 866 1993 quia
879 1911 1005 1993 diserte,
1027 1930 1085 1977 nec
1099 1912 1167 1976 ideo
1183 1914 1308 1997 capiano
1328 1938 1350 1979 n

184 2013 295 2094 anima,
318 2013 391 2096 quia
412 2014 517 2078 nultus
539 2032 693 2099 congruus
716 2018 748 2079 et
769 2014 914 2080 decorum
929 2016 1093 2097 eloquium.
1127 2015 1174 2081 iili
1190 2021 1308 2098 autam,

184 2117 236 2199 qui
252 2136 323 2183 eum
337 2118 412 2183 mihi
428 2117 660 2201 promittebant,
683 2136 745 2184 non
759 2118 831 2182 boni
846 2136 948 2184 rerum
964 2119 1192 2185 existimatores
1208 2124 1308 2203 erent,

184 2224 216 2285 et
238 2221 305 2286 ideo
327 2222 387 2287 iilia
409 2221 571 2286 uidebatur
593 2221 727 2305 prudens
750 2224 781 2285 et
803 2221 938 2304 sapiens,-
963 2222 1036 2304 qnia
1057 2221 1233 2289 delectabat
1254 2242 1309 2289 eoo

182 2327 320 2406 loquene.
369 2327 451 2390 sensi
478 2329 581 2389 autam
610 2326 691 2390 atiud
718 2343 815 2408 genua
842 2325 1001 2390 hominum
1024 2327 1117 2391 etiam
1140 2327 1308 2393 uariatam

183 2426 296 2492 habere
319 2433 494 2511 suspectam
516 2433 547 2493 et
569 2428 596 2491 ei
619 2428 700 2493 nolle
723 2427 928 2510 adquiescere,
950 2430 976 2494 ai
992 2434 1092 2495 comto
1107 2434 1202 2512 atque
1217 2431 1308 2497 uberi
1330 2456 1350 2497 ιι

184 2549 324 2598 sermone
353 2535 552 2613 promeretur.
604 2549 654 2594 me
684 2534 788 2594 cutem
818 2532 878 2595 iam
909 2532 1066 2613 docueras,
1099 2533 1175 2596 deuo
1206 2551 1309 2616 meua,

184 2634 270 2698 miria
286 2639 317 2698 et
332 2633 459 2697 occultis
475 2634 582 2713 modic,
603 2638 634 2698 ot
647 2638 809 2716 propterea
823 2635 922 2716 credo,
944 2636 1024 2718 quod
1040 2641 1074 2701 tu
1089 2654 1140 2700 me
1155 2636 1308 2719 docueria,

185 2738 328 2818 qnoniam
354 2754 462 2800 uerum
489 2741 537 2801 eet
567 2754 622 2800 nec
649 2737 811 2820 quiequam
834 2743 955 2822 praeter
977 2743 1008 2803 te
1030 2739 1108 2803 aliua
1130 2739 1238 2804 doctor
1259 2745 1310 2807 eat

184 2840 260 2921 ueri,
290 2837 475 2921 ubicumque
504 2845 534 2905 et
562 2840 776 2924 undecumque
804 2842 956 2907 claruerit
1005 2843 1067 2906 iam
1094 2860 1167 2925 ergo
1194 2841 1252 2907 aba
1274 2848 1309 2909 te

186 2944 349 3008 didiceram
377 2961 434 3008 nec
463 2960 499 3007 eo
524 2943 635 3010 debere
665 2945 762 3010 uideri
784 2944 897 3028 aliquid
921 2963 1029 3009 uerum
1051 2945 1121 3026 dici,
1148 2946 1220 3028 quia
1242 2946 1309 3012 elo·
1332 2972 1350 3014 a

229 3175 308 3245 lan]
326 3191 360 3230 au
377 3191 430 3230 nou
449 3174 542 3246 chd
595 3177 786 3233 tauctoritato
803 3175 834 3230 Γ
881 3191 1038 3246 praeponere
1056 3176 1123 3232 ΓΝ
1169 3176 1307 3232 tiemo*

184 3262 208 3332 (t
223 3262 335 3332 ΜΠ
384 3261 588 3319 tuacabundua
606 3261 656 3318 W¹
718 3260 868 3317 dianetum
887 3260 1036 3317 coiectum
1055 3280 1121 3319 corr.
1140 3262 1170 3317 Γ
1223 3262 1308 3328 ’ζὼ-

183 3348 258 3403 icctie
280 3348 356 3404 V²W
413 3348 539 3404 dedeiobd
561 3349 587 3402 V
645 3347 826 3405 Sadueutum
844 3346 883 3403 W
941 3346 1112 3418 facillimaQ
1174 3340 1262 3416 aqut
1281 3350 1308 3403 0

184 3434 372 3503 quodetiaeime
393 3435 423 3489 Γ
489 3435 669 3504 experirentur
693 3434 719 3488 V
786 3431 1114 3503 uenenariorum
1181 3449 1261 3488 auum
1281 3434 1310 3489 V

183 3520 290 3575 homine
308 3521 356 3575 W¹
411 3522 440 3575 11
460 3520 603 3574 iocundum
621 3518 908 3590 BFGH‘OPQW
959 3521 991 3576 12
1009 3536 1068 3574 mea
1084 3520 1114 3575 F
1166 3520 1306 3589 prctioaio-

185 3621 244 3658 rum
261 3604 494 3672 BOFMOWme,
512 3606 727 3675 inpreeioaiorum
744 3606 769 3660 V
820 3608 851 3660 14
870 3619 957 3658 meae*
976 3607 1016 3673 (ae
1033 3607 1098 3674 roe.)
1111 3607 1164 3708 W¹
1197 3609 1229 3662 15
1240 3620 1305 3660 uero

185 3716 246 3771 SW
248 3716 258 3748 ¹
325 3715 440 3769 disserte
456 3716 516 3779 BP,
541 3714 666 3782 disertam
679 3715 721 3784 W,
744 3715 848 3770 deserta
868 3716 1001 3771 ΓῑΜΨ1
1072 3719 1104 3773 16
1127 3716 1249 3771 decorum
1273 3718 1302 3786 0,

185 3800 328 3869 ἀιιμοιιιιιι
344 3802 372 3870 (ιι
389 3804 454 3870 roa.)
472 3803 506 3857 H
572 3805 603 3859 la
621 3801 815 3857 exeetimatoree
832 3802 867 3869 Γ,
885 3803 1065 3857 aeetimotorea
1087 3804 1110 3858 0
1178 3806 1210 3859 18
1228 3803 1302 3857 uidc-

184 3912 281 3967 bantur
303 3913 334 3968 Γ
400 3915 431 3969 19
453 3913 590 3968 hominnm
612 3930 694 3982 genua
717 3917 753 3971 Μ
817 3916 849 3971 21
872 3880 1037 3984 promeretur
1059 3918 1091 3981 (¹⁰
1110 3915 1159 3969 dcl.
1176 3933 1209 3969 ιιι.
1225 3915 1254 3983 2)
1277 3916 1305 3970 P

186 3998 249 4068 iam]
262 4017 312 4056 om.
326 3998 350 4055 0
393 3998 517 4053 domarat
526 3999 712 4084 BMOPQVV¹
744 4002 778 4056 23
788 3999 878 4056 doctor
887 4001 938 4071 eat]
952 4000 1086 4055 doctorem
1095 4001 1130 4068 Γ,
1143 3998 1261 4054 doctorea
1273 4003 1300 4055 te

188 4086 220 4154 V,
237 4088 278 4139 eet
295 4084 460 4143 doctoncdd.
523 4088 558 4141 24
575 4086 645 4140 uude
663 4085 821 4156 ubicumque
838 4087 868 4142 Γ
924 4086 982 4158 aba]
1001 4103 1030 4141 er
1048 4087 1078 4142 Γ
1125 4088 1159 4142 25
1176 4103 1207 4141 eo
1225 4086 1302 4142 douo-

184 4198 268 4253 reiV
313 4195 470 4253 uidereFV
520 4165 741 4266 qui(·ae.2)V
