2896 4688
191 267 251 327 112
575 281 600 333 S.
614 280 726 335 Aureli
746 279 919 348 Augustini

187 456 372 535 refellerent,
407 474 463 518 nec
495 456 562 520 ideo
596 456 658 519 iam
688 453 900 519 damnandum
930 453 1016 534 illud,
1050 455 1129 537 quod
1157 455 1319 538 tenebam,

186 560 258 641 quia
284 559 468 623 defensionis
494 564 597 640 partes
625 557 846 640 aequabantur.
896 558 940 622 ita
966 559 1050 623 enim
1079 558 1231 624 catholica
1253 578 1319 626 nou

187 663 264 727 mihi
287 663 370 727 uicta
390 660 564 742 uidebatur,
586 666 622 735 ut
644 660 781 726 nondum
804 661 900 726 etiam
922 661 1032 726 uictrix
1055 667 1227 747 appareret.

114 773 153 828 ab
230 765 317 830 Tunc
350 782 422 829 uero
455 765 576 830 fortiter
605 764 723 830 intendi
753 765 904 845 animum,
934 765 961 830 ai
988 783 1048 848 quo
1076 766 1167 831 modo
1189 784 1319 850 possem

185 869 277 934 certis
312 869 465 952 aliquibus
494 869 688 934 documentis
718 868 915 934 manichaeos
945 871 1128 935 conuincere
1156 870 1317 936 falsitatis.
1357 898 1370 937 e

185 972 266 1055 quod
289 973 316 1037 si
337 991 461 1056 possem
483 972 655 1056 spiritalem
677 971 886 1037 substantiam
905 973 1051 1056 cogitare,
1074 973 1183 1039 statim
1197 974 1320 1040 machi·

186 1081 333 1142 uameuts
354 1077 408 1142 illa
430 1076 534 1141 omnia
556 1076 752 1141 soluerentur
774 1080 806 1140 et
827 1075 1023 1141 abieereutur
1046 1095 1081 1140 ex
1103 1077 1207 1142 auimo
1230 1094 1317 1144 mco:

186 1181 240 1244 sed
263 1198 323 1246 nou
346 1184 495 1263 poteram.
533 1198 643 1244 uerum
665 1183 771 1244 tamen
794 1179 831 1242 de
853 1179 920 1262 ipso
942 1180 1051 1244 mundi
1072 1179 1165 1245 huius
1187 1198 1318 1265 empore

186 1284 330 1366 omnique
353 1288 474 1365 natura,
501 1302 596 1366 quam
619 1301 728 1348 seusus
751 1283 852 1347 carnis
875 1284 1051 1367 attingeret,
1080 1282 1180 1348 multo
1202 1283 1318 1368 proba·

186 1387 296 1453 biliora
324 1389 486 1472 plerosque
517 1388 651 1453 sensisse
680 1387 879 1472 philosophos
913 1388 1014 1470 magis
1047 1388 1210 1472 magisque
1240 1406 1370 1455 con-10

186 1492 324 1556 sidereus
354 1496 446 1574 atque
476 1509 658 1574 comparans
688 1490 870 1556 iudicabam.
921 1491 1026 1573 itaque
1055 1490 1315 1557 Academicorum

187 1613 282 1676 mors,
315 1595 396 1660 sicut
428 1596 652 1674 existimantur,
685 1593 832 1659 dubitans
866 1594 903 1658 de
937 1593 1079 1660 omnibus
1112 1598 1206 1677 atque
1231 1595 1317 1661 inter

186 1699 292 1764 omnia
312 1698 464 1763 fluctuans
487 1698 681 1762 manichaeos
701 1697 829 1779 quidem
851 1697 1067 1780 relinquendos
1090 1716 1158 1763 esse
1178 1697 1315 1781 decreui,

186 1820 247 1867 uon
275 1801 426 1867 arbitrans
453 1818 488 1865 eo
518 1802 584 1884 ipso
607 1805 744 1885 tempore
766 1801 966 1868 dubitationis
989 1821 1076 1867 mese
1097 1803 1129 1867 in
1150 1802 1206 1868 illa
1227 1808 1316 1870 secta

188 1906 263 1970 mihi
288 1905 533 1989 permanendum
556 1923 635 1985 esse,
662 1906 711 1970 cui
732 1906 794 1970 ism
817 1906 980 1971 nonnullos
1003 1905 1201 1990 philosophos
1223 1925 1314 1991 prae·
1340 1932 1366 1974 ιι

186 2008 353 2092 ponebam:
388 2008 500 2091 quibus
522 2012 627 2074 tamen
642 2009 843 2093 philosophis,
866 2009 946 2092 quod
961 2010 1029 2074 siue
1043 2010 1171 2075 salutari
1186 2011 1313 2077 nomine

187 2111 303 2177 Christi
329 2117 443 2194 esseut,
470 2114 658 2178 curationem
683 2113 839 2197 languoris
866 2113 988 2178 animae
1015 2132 1102 2179 meae
1129 2114 1313 2179 conmittere

186 2217 311 2282 omnino
333 2216 523 2282 recusabam.
573 2217 667 2281 statui
690 2234 762 2300 ergo
785 2216 904 2281 tamdiu
926 2235 995 2282 esse
1017 2217 1258 2282 catechumenus
1279 2217 1313 2289 iu

186 2321 338 2386 catholica
360 2320 490 2385 ecclesia
512 2320 588 2385 mihi
610 2338 629 2385 a
650 2319 829 2403 parentibus
849 2319 1062 2400 conmendata
1085 2320 1182 2385 donec
1195 2320 1313 2404 aliquid

186 2424 261 2488 certi
283 2425 425 2504 eluceret,
449 2441 508 2505 quo
530 2443 655 2490 cursum
677 2424 875 2507 dirigerem·
1338 2452 1367 2493 ss

232 2662 416 2720 lrefallersut
434 2664 538 2720 P¹SW
598 2663 785 2720 2defeesionis
803 2663 833 2719 F
890 2664 1068 2733 sequebantur
1089 2664 1156 2720 VW
1216 2666 1311 2721 stum

187 2749 419 2806 BGFGMOPW
484 2749 622 2817 5sliquid
644 2749 674 2804 F
738 2750 870 2804 bststim
887 2768 938 2806 oss.
955 2751 981 2805 V
1046 2749 1261 2806 'lsbicicrsntur
1286 2752 1311 2807 0

187 2836 228 2906 ex]
246 2854 279 2892 ec
295 2853 326 2890 es
347 2837 460 2893 corr.V
527 2834 699 2904 somnique]
726 2835 816 2890 omnis
837 2852 888 2907 quq
915 2837 941 2891 V
1005 2835 1092 2890 multa
1113 2836 1312 2907 Humerus

189 2927 221 2979 10
239 2924 364 2978 sensisse*
387 2923 425 2991 (m
442 2939 505 2990 rus,
523 2921 588 2974 sisse
605 2923 636 2976 in
652 2922 718 2989 ras.)
740 2923 767 2977 Β
835 2921 979 2991 philosofos
1000 2922 1062 2990 BP,
1083 2921 1258 2993 philosophus
1275 2922 1315 2980 W

188 3010 272 3079 magis
288 3028 338 3066 em.
357 3010 385 3064 Β
449 3010 478 3063 11
498 3010 576 3075 atque
594 3022 749 3076 compassus
766 3026 816 3066 ess.
829 3009 891 3065 SW
947 3007 1174 3063 schademioorum
1194 3006 1317 3067 conl!

191 3096 323 3167 OPQSV,
356 3092 584 3149 ahcsdernicorum
620 3094 654 3159 Β,
690 3093 934 3149 achademichorum
969 3094 1005 3164 F,
1039 3092 1244 3149 sebsdsmorum
1275 3094 1314 3152 W

188 3185 220 3238 12
232 3183 397 3237 exitiruatur
408 3182 477 3249 ΒΜ,
494 3180 646 3234 existimant
658 3180 757 3250 BPQo
810 3182 843 3236 13
855 3180 1024 3249 relinquendo
1041 3181 1079 3237 W
1127 3182 1159 3237 14
1171 3182 1265 3235 assota
1278 3182 1312 3237 Π

188 3272 219 3325 15
237 3269 305 3339 esse]
324 3277 337 3323 e
355 3269 385 3324 F
434 3266 521 3322 nullos
538 3266 569 3322 F
617 3266 762 3336 philosofos
779 3267 814 3335 Β,
832 3265 1003 3335 philosophus
1025 3268 1064 3322 W
1114 3265 1310 3336 praeponebam

187 3354 383 3424 -philosophis
400 3374 450 3411 om.
473 3353 511 3425 θ’
565 3356 596 3410 16
613 3352 784 3423 phylosophis
806 3353 829 3407 O
878 3352 1000 3407 salutaris
1019 3352 1125 3406 nomine
1142 3352 1177 3421 F,
1195 3368 1221 3408 u.
1238 3351 1311 3409 salu·

186 3440 372 3511 turisBPQb,
391 3439 617 3495 nominesslutsri
631 3457 677 3496 me
731 3441 762 3494 1‘1
774 3437 890 3506 langoris
906 3440 937 3507 V,
949 3438 1088 3506 languores
1105 3441 1143 3495 W
1192 3436 1310 3495 laento

186 3526 226 3579 tui
248 3527 279 3596 V,
297 3530 368 3580 statu
385 3528 424 3584 W
483 3525 549 3595 esse]
568 3542 589 3580 e.
610 3523 669 3579 mih
687 3525 725 3581 W
782 3525 979 3579 cathecumiuus
998 3523 1248 3595 somarow,
1266 3540 1311 3580 oa·

186 3612 359 3666 thecumenus
379 3611 453 3679 ΟΨ,
471 3610 645 3664 caticuminus
664 3611 744 3681 110¹,
763 3614 946 3664 catecumenos
964 3610 1014 3678 P¹,
1032 3611 1210 3665 catecuminus
1222 3608 1310 3683 1²¹0·

188 3700 220 3753 lc
237 3696 367 3750 catholica
383 3714 434 3752 osc.
447 3696 508 3750 HV
567 3696 754 3765 apparentibus
772 3696 802 3751 F
867 3698 901 3751 110
918 3695 989 3764 quod
1007 3696 1045 3752 W
1104 3695 1220 3766 Explicit
1236 3695 1308 3751 liber

187 3782 301 3850 quintus.
329 3782 427 3851 Incipit
453 3780 520 3834 liber
545 3785 632 3835 sextus
659 3782 837 3848 BOHSVW,
864 3780 893 3837 E.
905 3780 923 3835 l.
936 3796 961 3850 q.
973 3782 990 3835 i.
1013 3787 1100 3836 sextus
1121 3780 1152 3850 0,
1178 3782 1207 3836 E.
1220 3781 1239 3836 1.
1252 3797 1277 3850 q.
1290 3783 1310 3838 i.

186 3873 274 3922 sextus
295 3867 363 3921 liber
384 3867 414 3937 Q,
432 3867 461 3921 Ε.
480 3866 497 3921 l.
515 3866 708 3922 confessionum
727 3883 751 3936 q.
764 3867 857 3937 incipit
874 3866 891 3921 l.
903 3867 1097 3922 confessionum
1115 3884 1135 3921 s.
1150 3867 1184 3933 G,
1210 3866 1273 3921 fluit
1290 3866 1309 3923 l.

185 3970 210 4023 q.
228 3954 244 4008 i.
261 3953 335 4008 tvl.
354 3952 446 4009 eculei
465 3953 504 4008 ihr
527 3954 579 4022 aisg
600 3952 642 4025 aspi
667 3955 706 4021 M,
732 3953 831 4024 Incipit
852 3952 919 4007 liber
940 3958 1028 4008 sextus
1051 3954 1083 4019 Ρ,
1110 3952 1154 4008 VI.
1173 3952 1203 4006 L.
1226 3953 1257 4009 F
1271 3972 1307 4010 ιιι.

181 4041 408 4111 posts'ssspats‘o
424 4058 512 4097 accam
