2896 4688
254 289 317 352 290
640 305 665 357 S.
679 302 788 358 Aureli
806 302 980 370 Augustini

254 482 357 545 uideat
386 497 476 544 onrne
504 479 703 561 praeteritum
724 478 852 562 propelli
876 496 911 541 en
933 479 1035 542 futuro
1058 482 1090 542 et
1110 497 1200 542 ornne
1230 479 1379 543 futurum

254 602 290 649 ex
313 584 475 667 praeterito
498 582 641 665 consequi
664 586 695 647 et
716 599 807 646 omne
830 581 1029 665 praetuitnm
1052 599 1087 645 ac
1110 583 1248 646 loturum
1270 583 1311 647 ab
1331 603 1381 662 eo,

255 688 334 770 quod
364 705 484 770 semper
514 690 561 751 est
588 704 743 770 praesens,
774 686 868 751 creari
891 689 923 749 ct
944 689 1123 750 excurrere?
1153 687 1221 768 quis
1254 687 1382 753 tenebit

255 809 305 856 cor·
320 790 464 871 hominis,
486 794 521 855 ut
543 794 606 855 stet
627 791 658 854 et
679 791 792 871 uideat,
815 789 966 872 quomodo
988 794 1074 855 stans
1097 791 1191 856 dictet
1213 792 1322 856 lutura
1346 797 1382 858 el·

254 896 419 979 praeterita
440 899 579 977 tempore
600 912 657 959 nec
678 894 782 959 lutura
803 912 860 959 nec
882 895 1046 978 praeterita
1067 896 1254 960 aeternitas?
1282 915 1381 961 num·
1418 924 1429 963 e

254 1000 327 1083 quid
356 1017 466 1064 merus
493 1016 562 1063 mee
588 999 671 1063 ualet
691 999 749 1065 hoc
771 1003 824 1063 aut
846 1016 956 1063 manus
978 999 1038 1062 oris
1061 999 1122 1064 mei
1143 1018 1198 1082 per
1220 1000 1381 1082 loquellas

256 1104 321 1187 agit
342 1106 407 1167 tam
429 1101 576 1185 grandem
599 1105 686 1166 rem?

74 1284 77 1289 ι
185 1215 222 1270 14
298 1205 367 1270 ΧΠ.
388 1205 467 1269 Ecce
486 1205 654 1287 respondeo
675 1205 803 1270 dicenti:
829 1204 919 1288 „quid
941 1205 1074 1270 faciebat
1095 1206 1181 1287 deus,
1204 1210 1380 1289 numquam

254 1310 369 1374 laceret
390 1309 509 1373 coelum
533 1312 565 1373 et
586 1310 738 1373 terraurW
763 1308 930 1391 respondeo
957 1328 1017 1374 uon
1038 1309 1127 1399 illud,¹
1146 1310 1226 1392 quod
1248 1310 1380 1392 quidam

255 1411 447 1496 respondisse
479 1411 658 1494 perhibetur
687 1413 859 1478 ioculariter
887 1412 1013 1477 eludens
1042 1412 1227 1495 quaestionis
1256 1414 1426 1489 uiolen-ro

255 1517 343 1582 tiam:
366 1516 479 1601 „alta“,
495 1516 604 1599 inquit,
622 1517 848 1599 „scrutantibus
863 1516 1019 1600 gehennas
1034 1514 1193 1600 parebat“.
1218 1516 1304 1581 alind
1330 1522 1381 1583 est

255 1620 368 1701 nidere,
391 1620 474 1684 aliud
496 1620 603 1685 ridere.
637 1620 713 1685 haec
744 1639 801 1685 nou
826 1621 1004 1704 respondeo.
1047 1618 1193 1688 libentius
1220 1621 1305 1686 eninr
1328 1641 1379 1687 re·

125 1772 158 1797 ,,
206 1736 209 1743 ’
255 1722 443 1807 sponderim:
475 1724 607 1807 „nescio
636 1725 717 1806 quod
743 1725 863 1788 neseio“
895 1742 988 1807 quam
1008 1723 1095 1804 illud,
1121 1723 1202 1787 unde
1229 1724 1377 1791 irridetur

97 1884 101 1893 .
119 1812 142 1909 Ἰ
255 1826 307 1909 qni
329 1826 392 1891 alta
412 1827 614 1910 interrogauit
636 1831 667 1891 et
688 1826 830 1892 laudatur
852 1829 904 1910 qui
925 1827 1005 1893 lslsa
1025 1827 1191 1912 respondit.
1229 1827 1286 1892 sed
1306 1828 1374 1893 dico

256 1934 296 2009 te,
319 1930 394 1994 deus
417 1933 529 2010 noster,
552 1931 652 1995 omnis
674 1934 830 1996 creaturae
845 1934 1013 1996 creatorem
1034 1935 1076 2012 et,
1096 1931 1122 1995 si
1136 1931 1214 1995 caeli
1229 1935 1262 1996 et
1275 1934 1371 1997 mnae
1396 1958 1423 1997 rs

257 2036 378 2098 nomine
405 2033 505 2098 omnis
533 2037 672 2099 creatura
700 2034 898 2119 intellegitur,
928 2033 1076 2099 audenter
1097 2034 1178 2099 dico:
1206 2039 1372 2118 numquam

255 2137 372 2202 iaceret
401 2137 477 2202 deus
505 2136 625 2203 caelum
648 2141 680 2202 et
700 2147 825 2219 terram,
847 2154 908 2202 non
931 2135 1064 2202 faciebat
1089 2138 1212 2219 aliquid.
1243 2139 1269 2204 si
1290 2139 1375 2205 enim

256 2241 396 2321 iaciebat,
426 2241 498 2323 quid
528 2241 588 2307 nisi
613 2244 785 2307 creaturam
815 2239 973 2306 iaciebat?
1002 2245 1035 2305 ot
1055 2241 1175 2306 utinam
1201 2243 1245 2308 sio
1266 2242 1375 2325 odem,

255 2344 401 2426 quidquid
424 2344 538 2409 utiliter
565 2345 644 2410 scire
672 2345 771 2429 cupio,
800 2345 1059 2427 quemadmodum
1083 2346 1156 2426 scio,
1183 2345 1264 2428 quod
1287 2346 1376 2412 nulla

254 2446 350 2511 fiebat
371 2450 519 2527 creatura,
543 2451 707 2530 numquam
729 2447 817 2513 fieret
838 2449 902 2514 olla
923 2452 1070 2514 creatura.
1403 2477 1431 2518 ro

186 2557 224 2619 15
299 2548 385 2615 XIII.
408 2550 452 2613 At
474 2550 501 2614 si
523 2551 704 2632 cuiusquam
726 2552 859 2615 uolatilis
882 2570 990 2617 sensus
1008 2555 1139 2636 negatur
1153 2571 1207 2635 per
1221 2553 1376 2637 imagines

255 2656 336 2717 retro
365 2656 539 2736 tempomm
561 2656 653 2734 otte,
680 2654 772 2720 deum
801 2655 1040 2739 omnipotentem
1071 2661 1103 2721 et
1131 2658 1376 2724 omnicreantem

256 2760 286 2822 et
314 2755 568 2838 omnitenentem,
597 2758 673 2825 caeli
702 2763 734 2824 et
762 2762 861 2824 terrae
891 2758 1049 2841 artificem,
1079 2760 1118 2825 ab
1148 2778 1238 2845 opero
1272 2764 1376 2845 anto,

131 2918 135 2928 .
255 2863 420 2944 antequam
441 2861 472 2925 id
495 2861 621 2943 laceres,
652 2880 707 2944 por
729 2862 967 2929 innumerabilia
995 2865 1118 2929 saecula
1146 2882 1283 2930 cessmse
1312 2866 1377 2931 mi·

254 2968 349 3046 ratur,
372 2965 496 3048 suigilot
518 2969 610 3048 atque
633 2965 788 3047 adtendat,
811 2968 884 3050 quia
904 2968 983 3033 isles
1004 2968 1142 3034 miratur.
1185 2985 1259 3034 nam
1288 2969 1375 3035 unde
1399 2995 1425 3037 a

254 3073 397 3154 poterant
410 3067 646 3135 innumerabilia
660 3071 782 3136 sacoma
796 3072 971 3155 praeterire,
986 3090 1065 3155 quae
1079 3074 1145 3155 ipse
1166 3089 1227 3137 non
1242 3072 1375 3154 feceras,

299 3313 311 3366 1
330 3308 453 3380 peon]
471 3325 551 3380 prope
568 3307 608 3363 nu
621 3309 757 3380 crocu
774 3310 854 3379 prope
871 3292 918 3364 nri.
930 3261 979 3379 “le
1000 3311 1062 3366 aas.
1076 3329 1109 3366 o.
1122 3311 1149 3381 2)
1171 3312 1194 3383 ρ
1244 3309 1286 3381 01]
1298 3313 1376 3390 on

255 3396 333 3466 dex]
352 3398 379 3450 et
394 3396 433 3451 W
481 3396 554 3464 sequi
576 3397 602 3451 V
657 3397 773 3452 temeri
790 3396 851 3463 (ooo.
865 3397 901 3464 et)
924 3398 964 3466 W,
982 3397 1091 3452 umbri
1108 3401 1136 3465 qt
1152 3399 1189 3454 Μ
1240 3396 1372 3469 rueret]

255 3481 336 3536 dicet
351 3483 393 3549 W,
406 3481 472 3536 dicit
482 3483 548 3537 eto
598 3480 698 3552 tinea]
714 3482 835 3539 measW
883 3483 970 3538 minos
983 3484 1010 3539 P
1056 3483 1172 3554 loquelas
1184 3483 1374 3541 nedum·

259 3562 364 3637 QVW¹
443 3566 534 3636 ragit
549 3566 618 3639 mni]
636 3567 676 3623 ait
692 3571 748 3624 tem
770 3570 811 3638 W,
829 3568 955 3639 mitatem
973 3570 1053 3641 BPQ
1132 3573 1164 3627 10
1184 3569 1319 3641 ponbetnr
1337 3570 1375 3627 W

256 3651 349 3756 ludens
370 3654 400 3721 V,
418 3651 529 3707 lundens
546 3654 573 3723 (a
589 3654 654 3723 rue.)
671 3655 711 3725 Η,
727 3654 831 3711 &bens
847 3657 886 3712 W
931 3655 1057 3713 uiolentia
1069 3657 1106 3713 W
1155 3660 1186 3714 11
1204 3656 1326 3726 gebenn!
1340 3656 1370 3727 V,

255 3780 369 3834 mnes
390 3766 426 3824 rs
507 3767 539 3822 rs
560 3765 657 3836 som]
679 3771 721 3823 oe
741 3767 825 3823 num
849 3752 960 3839 cnoro
981 3768 1070 3824 suero
1099 3772 1122 3828 s
1202 3768 1326 3825 nunus.
1348 3769 1370 3825 s

257 3853 290 3909 18
307 3849 504 3920 irridereturo
572 3854 604 3910 14
620 3852 685 3925 ulta]
705 3854 759 3910 sita
776 3856 803 3911 B
819 3856 846 3923 (a
862 3856 926 3959 refe.)
992 3858 1023 3914 16
1041 3858 1147 3912 nomina
1165 3858 1194 3924 8,
1213 3877 1243 3908 u
1263 3857 1367 3912 nomina

256 3961 429 4033 (etrus.)W
486 3964 767 4035 liri-quide
826 3968 954 4037 19qu
1013 3967 1371 4039 dlat(tiorcr.)H,sd

156 4102 164 4119 ,
258 4052 286 4118 Β,
302 4053 348 4104 aut
363 4049 484 4120 BPQVb
536 4053 694 4108 uocaturW
740 4050 874 4127 nonduin
885 4060 1015 4110 creantem
1028 4060 1055 4109 et
1066 4057 1154 4110 omnia
1166 4059 1297 4111 tenentem
1312 4057 1373 4113 GH

255 4139 289 4194 28
306 4139 385 4191 nuso
402 4137 425 4203 (t
440 4138 604 4207 moesis
652 4142 685 4195 25
703 4139 814 4209 suigilst
831 4141 854 4209 (s
871 4143 993 4211 meod)
1012 4143 1041 4209 S,
1058 4145 1086 4196 ot
1103 4141 1196 4211 uigilet
1213 4143 1240 4198 P
1295 4142 1370 4214 quia]

256 4224 301 4292 qui
322 4224 352 4293 V,
370 4200 466 4293 qudi}
516 4222 663 4280 admiratur
680 4226 740 4295 (ose.
758 4225 881 4297 1an
