2896 4688
164 257 226 320 202
553 275 578 326 s.
592 273 700 327 noran
721 274 895 342 Augustini

164 455 267 513 autem
294 469 364 513 cum
393 450 520 514 absente
547 450 701 530 Nebridio,
729 454 883 515 testantur
910 451 1069 533 epistulae.
1108 458 1141 516 et
1167 455 1294 534 quando

165 555 238 618 mihi
269 553 403 618 sufficiat
432 558 555 637 tempus
584 555 835 620 commemorandi
861 555 965 620 omnia
993 575 1107 640 magna
1134 575 1207 640 erga
1234 576 1293 621 nos

163 657 313 723 beneficia
340 663 394 723 tus
420 659 451 723 in
475 658 527 724 illo
551 662 689 743 tempore
715 661 896 742 praesertim
924 659 962 724 ad
990 660 1051 724 alia
1077 661 1195 725 maiora
1219 681 1294 744 pro·

163 763 304 847 paranti?
335 767 460 828 reuocat
482 763 565 828 enim
588 782 638 829 me
665 764 833 829 recordatio
860 783 940 844 mea,
969 770 999 829 et
1026 765 1113 829 dulce
1141 766 1217 830 milri
1244 767 1293 848 lit,

164 868 295 948 domine,
319 867 458 932 confiteri
480 866 547 947 tibi,
570 867 683 950 quibus
705 867 835 931 internis
855 887 905 932 me
921 869 1056 933 stimulis
1078 869 1292 952 perdomueris
1337 898 1350 938 s

164 977 195 1035 ct
221 971 481 1053 quemadmodum
514 989 564 1035 me
590 972 822 1054 conplananeris
854 971 1039 1036 humilitatis
1071 972 1229 1037 montibus
1262 979 1296 1038 et

164 1076 293 1140 collibus
310 1076 528 1159 cogitationum
545 1093 684 1139 mearum
698 1079 730 1139 et
740 1078 878 1139 tortuosa
893 1093 963 1139 moa
978 1077 1122 1141 direxeris
1139 1081 1170 1140 et
1182 1094 1294 1160 aspera

164 1180 287 1243 lenieris
307 1197 425 1261 quoque
445 1179 535 1243 modo
551 1179 653 1263 ipsum
674 1180 766 1243 etiam
783 1179 941 1262 Alypium,
962 1180 1089 1244 fratrem
1105 1180 1204 1244 cordis
1220 1182 1295 1262 mei,

166 1283 324 1366 subegeris
348 1283 465 1349 nomini
487 1282 640 1366 unigeniti
662 1283 718 1362 tui,
741 1283 857 1347 domini
874 1289 905 1348 et
921 1284 1085 1348 saluatoris
1108 1285 1205 1349 nostri
1220 1285 1294 1350 Iesn

166 1388 289 1466 llbristi,
313 1387 393 1469 quod
416 1389 515 1471 primo
537 1387 761 1470 dedignabatur
784 1388 877 1453 inseri
900 1388 1011 1452 litteris
1034 1388 1157 1452 nostris.
1193 1390 1295 1472 magis
1324 1419 1350 1456 ro

166 1492 249 1555 enim
281 1510 333 1556 eas
365 1492 490 1556 uolebat
519 1492 655 1556 redolere
685 1492 916 1575 gymnasiorum
947 1491 1090 1572 cedros,
1122 1511 1199 1574 quas
1230 1493 1296 1557 iam

166 1597 311 1660 contriuit
332 1596 509 1677 dominus,
532 1614 623 1677 quam
647 1593 786 1659 salubres
808 1595 920 1660 herbas
943 1595 1167 1660 ecclesiasticas
1183 1596 1297 1661 adner-

167 1717 217 1762 sas
240 1697 443 1781 serpentibus.

116 1812 133 1866 8
211 1803 292 1882 Quas
304 1803 370 1881 tibi,
386 1802 460 1867 dens
476 1821 575 1882 meus,
591 1821 682 1867 uoces
695 1803 772 1884 dedi,
789 1822 859 1867 cum
875 1805 1009 1887 legerem
1025 1805 1162 1887 psalmos
1178 1805 1291 1884 Dauid,

166 1908 287 1971 cantica
313 1906 424 1985 fidelia,
452 1924 544 1970 sonos
570 1906 694 1990 pietatis
722 1907 917 1971 excludentes
946 1908 1104 1991 turgidum
1136 1908 1290 1991 spiritum,
1319 1933 1343 1974 ns

166 2011 249 2075 rudis
271 2012 302 2074 in
324 2029 473 2094 germano
495 2029 599 2075 amore
621 2014 685 2091 tuo,
707 2010 946 2107 catechumenus
970 2012 1001 2075 in
1021 2011 1096 2076 uilla
1115 2030 1186 2076 cum
1210 2016 1294 2078 cate·

167 2117 318 2180 chumeno
334 2114 444 2200 Alypio
467 2115 604 2196 feriatus,
632 2118 730 2179 matre
753 2115 938 2179 adhaerente
962 2114 1050 2180 nobie
1074 2115 1216 2181 muliebri
1238 2116 1295 2180 ha·

168 2220 246 2301 bitu,
276 2221 356 2285 uirili
382 2221 452 2300 fide,
480 2221 553 2286 anili
584 2220 758 2300 securitate,
788 2222 929 2284 materna
960 2221 1099 2300 caritate,
1128 2220 1296 2286 emistiana

168 2328 296 2408 pietate!
324 2343 400 2409 quas
420 2323 475 2388 tibi
495 2344 587 2389 uoces
610 2323 723 2388 dabam
744 2324 776 2387 in
799 2325 927 2407 psalmis
951 2324 1011 2388 illis
1036 2327 1067 2388 et
1088 2322 1239 2407 quomodo
1262 2326 1296 2388 iu

168 2433 198 2493 te
221 2428 436 2500 inflammabat
464 2448 498 2492 ex
522 2429 566 2493 eis
590 2432 621 2492 et
644 2426 833 2492 accendebar
860 2446 911 2492 eos
939 2428 1079 2508 recitare,
1107 2429 1133 2492 si
1159 2446 1297 2513 possem,
1324 2458 1351 2496 so

169 2536 234 2596 toto
257 2529 322 2594 orbi
345 2535 497 2594 terrarum
520 2533 685 2595 aduersum
701 2531 802 2613 tylum
822 2532 943 2615 generis
963 2531 1106 2596 humani!
1139 2536 1170 2596 et
1189 2537 1297 2597 tamen

169 2638 232 2699 toto
252 2632 325 2698 orbe
344 2636 517 2713 cantantur,
542 2637 572 2698 et
591 2652 660 2698 non
684 2640 740 2698 est
763 2636 822 2716 qui
847 2654 884 2699 se
908 2634 1111 2701 abscondat
1134 2654 1152 2700 a
1173 2636 1297 2700 calore

169 2743 230 2802 tuo.
263 2755 356 2820 quam
379 2737 558 2802 uehementi
581 2741 611 2802 et
634 2738 696 2802 acri
719 2737 821 2801 dolore
844 2736 1028 2821 indignabar
1052 2738 1241 2804 manichaeis
1265 2746 1298 2804 et

169 2841 339 2908 miserabar
368 2860 419 2906 eos
448 2860 565 2921 umens,
594 2842 674 2924 quod
696 2841 749 2906 illa
772 2848 974 2922 sacramenta,
998 2842 1051 2907 illa
1071 2843 1299 2909 medicamenta

272 3006 300 3076 6]
319 3005 352 3060 cf.
364 3005 407 3060 Es.
420 3006 461 3070 40.
474 3006 491 3060 4
508 3007 537 3058 et
555 3003 616 3058 Luc.
630 3006 654 3069 3,
666 3006 683 3060 l
696 3019 733 3073 sq.
788 3005 831 3075 ll]
850 3005 894 3059 Ps.
906 3007 948 3069 28,
960 3009 984 3062 5.
1037 3005 1082 3075 22]
1100 3005 1143 3059 Pe.
1159 3009 1199 3068 18,
1212 3008 1235 3062 7.

214 3143 361 3200 lnibridio
377 3145 403 3200 S
454 3141 578 3214 epistolae
596 3142 837 3213 BFGHMQedd.
900 3147 996 3212 2ergo
1013 3142 1064 3199 FS
1119 3141 1299 3214 630331333-

171 3249 247 3287 ueras
264 3232 303 3287 W
351 3230 497 3285 humiliatis
515 3230 835 3299 aoa‘s’Ho’QVecc.
898 3233 925 3282 et
943 3229 1053 3284 collibus
1071 3248 1122 3285 om.
1140 3232 1177 3287 W
1230 3230 1299 3287 811-

171 3320 250 3375 nierie
269 3319 323 3421 F?
392 3317 505 3386 quoque]
524 3333 575 3385 qno
597 3317 681 3372 CFM
746 3317 827 3371 etiam
845 3317 932 3385 ipsum
951 3316 986 3382 F,
1009 3319 1036 3370 at
1053 3317 1141 3386 ipsum
1159 3317 1239 3370 ctiam
1263 3319 1303 3373 W

171 3431 311 3498 9nomiue
330 3425 364 3486 Η
412 3430 518 3483 domine
536 3429 589 3500 ΡΟ
642 3432 671 3484 11
692 3427 798 3482 uolebat
815 3443 858 3481 eos
876 3428 907 3483 F
959 3427 1076 3481 redolore
1095 3431 1124 3484 F
1178 3433 1302 3497 qnamS

172 3520 225 3572 iam
242 3537 292 3573 om.
312 3519 347 3572 Μ
396 3520 428 3572 12
447 3516 559 3570 salubris
576 3516 607 3571 F
655 3514 781 3568 aduersus
801 3515 861 3570 SW
913 3516 944 3570 14
963 3513 1152 3582 quas-tidelia
1169 3517 1232 3570 add.
1246 3518 1300 3569 W'

171 3607 203 3658 in
211 3622 262 3674 mp.
327 3602 402 3656 danit
418 3605 455 3658 M
523 3606 553 3656 15
572 3601 660 3671 sonos]
679 3605 706 3654 et
723 3616 800 3654 sonos
817 3601 975 3670 BPchd,
994 3605 1021 3654 et
1038 3613 1117 3655 sonus
1135 3602 1169 3669 F,
1188 3617 1251 3656 sono
1276 3605 1304 3657 V

172 3688 335 3744 excludentis
353 3690 388 3758 F,
406 3693 432 3742 et
451 3685 602 3742 claudentes
620 3690 658 3744 W
735 3690 766 3743 16
784 3688 965 3741 catecuminus
983 3695 1008 3743 et
1026 3689 1190 3742 catecumino
1208 3690 1304 3744 BGM

173 3777 230 3845 ΡΒ,
253 3775 451 3830 cathecuminos
468 3776 532 3840 Wt,
555 3775 759 3828 cathecumenus
781 3773 811 3842 O,
834 3772 1009 3828 caticuminus
1034 3774 1085 3828 OF
1152 3774 1216 3827 uilla
1234 3775 1298 3839 (oure.

173 3863 296 3931 cnle
363 3866 394 3918 17
416 3862 540 3916 adorante
568 3862 593 3914 V
660 3860 763 3914 mulieri
786 3860 853 3916 ΗΜ
920 3863 952 3916 18
979 3860 1053 3914 auilli
1079 3862 1120 3927 W,
1145 3859 1251 3913 anelaus
1270 3861 1303 3915 F

173 3955 207 4007 20
225 3947 410 4004 accedebarV
460 3948 557 4019 possim
576 3947 656 4016 BPQ
706 3950 736 4003 21
757 3947 819 4002 orbe
837 3947 1196 4016 BFGHMOPQVchd.
1250 3947 1297 3999 ad·

174 4053 264 4093 uersus
282 4035 635 4106 BGGHMOPQVchd.
697 4033 808 4104 typhum
829 4034 887 4088 GH
891 4035 932 4102 W,
951 4033 1030 4087 tisnm
1053 4034 1108 4102 CF,
1129 4033 1245 4101 alypium
1264 4034 1303 4087 Μ

173 4128 207 4182 22
225 4127 347 4178 cantatur
365 4124 422 4178 BV
478 4124 512 4177 28
530 4121 706 4177 uehmenns
761 4120 865 4190 agri-F
925 4117 1299 4189 admiraba1·FV,misere

175 4212 254 4268 bsrb
306 4209 354 4264 illa
371 4208 563 4267 medemena
581 4207 669 4264 om.S
