2896 4688
207 296 286 352 XIIII
681 303 856 356 Praefatio.

207 482 315 545 doctor
337 480 365 564 a)
388 482 441 561 ita,
464 484 499 544 ut
521 479 576 543 tibi
598 479 648 542 uix
671 480 867 561 persuadeas,
890 478 1050 543 librarium
1072 478 1161 543 latini
1177 481 1328 543 sermonis

207 586 368 651 scientiam
398 582 555 649 habuisse.
597 583 725 664 accedit,
756 583 836 665 quod
865 583 1016 667 plurimae
1045 584 1174 647 lacunae
1203 585 1328 668 propter

207 688 303 754 uerba
318 688 459 753 similiter
474 687 625 768 cadentia,
648 706 726 770 quae
740 689 772 752 iu
786 687 889 752 codice
904 684 930 751 1⁴*
944 686 1151 767 inueniuntur,
1166 685 1331 751 librarium

207 812 274 857 rem
297 810 386 856 snam
416 791 687 875 neglegentissime
716 791 850 875 gessisse
879 791 1057 855 ostendunt.
1095 806 1328 871 nonnumquam

206 896 349 965 librarius
371 896 491 978 glossas
513 893 783 977 discrepantesque
805 894 985 975 scripturas,
1008 912 1083 976 quas
1105 896 1138 958 in
1159 895 1244 958 fonte
1260 894 1327 958 sine

208 998 300 1063 dubio
323 1015 416 1081 supra
438 1016 563 1062 uersum
586 998 714 1081 scriptas
737 1001 923 1080 reppererat,
953 997 985 1060 in
1015 1000 1134 1062 textum
1161 997 1328 1081 apographi

208 1102 333 1184 recepit,
349 1102 448 1166 uelut:
469 1101 527 1181 III,
547 1100 577 1182 3,
598 1101 632 1166 6:
652 1101 708 1163 hoc
728 1099 811 1161 enim
828 1120 944 1162 nomem
957 1098 1227 1184 nequiseimum
1247 1121 1329 1163 ocae·

208 1225 288 1268 uum
309 1214 338 1267 et
360 1202 565 1280 diabolicam,
588 1204 642 1268 ubi
661 1202 889 1288 nequissimum
910 1204 949 1267 ad
969 1202 1181 1285 explicandum
1197 1202 1327 1269 uerbum

208 1329 357 1372 ceccaum
379 1308 516 1374 additum
538 1313 616 1382 orat;
647 1307 704 1389 III,
728 1306 758 1387 I,
784 1305 836 1370 12:
867 1305 924 1391 qui
946 1303 1094 1384 baberent
1119 1327 1236 1370 uaeorce
1263 1306 1328 1371 da·

209 1421 332 1475 centes
355 1413 449 1496 (hand
465 1412 555 1476 dubie
571 1411 704 1476 scribere
720 1412 817 1478 uoluit
834 1409 1000 1495 demotus)
1014 1408 1149 1489 multum·
1171 1411 1327 1493 1111,I‚1:

208 1515 245 1578 iu
260 1513 393 1599 officina
407 1514 589 1578 stomachi
609 1512 832 1599 aqualiculi
838 1536 850 1594 ,·
869 1506 944 1596 IIII,
956 1514 988 1595 4,
1000 1511 1033 1579 9:
1049 1513 1085 1575 in
1099 1513 1184 1599 quod
1197 1534 1330 1599 sperare

209 1616 419 1682 uidebatur
440 1616 502 1681 ael
524 1615 751 1697 wdehusun
773 1618 827 1698 II,
852 1617 902 1698 14,
925 1615 980 1682 24:
1007 1615 1084 1681 inda
1111 1616 1155 1681 ad
1180 1617 1328 1704 ruspirs'a

210 1721 385 1807 etgomr‘our
401 1719 724 1786 conuertebcmur.
748 1722 948 1804 archetypum
963 1740 1047 1801 nero,
1063 1741 1099 1786 11
1114 1740 1174 1805 quc
1190 1722 1217 1786 p
1232 1721 1327 1801 duxit,

209 1825 308 1890 bonae
328 1829 420 1890 notae
440 1824 576 1890 codicem
597 1825 693 1890 fnisse
715 1844 750 1889 ex
773 1826 930 1890 nonnullis
952 1825 1102 1909 uestigiis,
1123 1825 1156 1889 in
1178 1820 1329 1906 quibusl'

210 1947 282 1994 cum
294 1927 470 1995 sessoriano
486 1932 518 1994 et
529 1928 597 1993 aliie
612 1929 711 1994 bonae
726 1928 861 1993 lamiliee
873 1928 960 1993 libris
973 1929 1138 2008 consentit,
1154 1926 1252 1992 conici
1266 1929 1328 2009 pot

212 2036 268 2113 est,
288 2031 375 2096 uelnt
389 2029 457 2114 1‚8,
471 2032 511 2096 13
526 2050 597 2097 cnm
614 2032 634 2098 S
651 2032 764 2100 bonam
779 2033 1006 2117 genuinamque
1021 2032 1203 2115 scripturam
1218 2038 1329 2115 pecec-

212 2136 284 2199 bam
298 2137 443 2216 serneuit,
463 2135 489 2216 I,
504 2134 606 2216 11126
627 2155 692 2198 ocra
704 2134 917 2201 omnimodum
932 2135 953 2203 S
968 2134 1016 2201 bis
1032 2137 1182 2219 scriptum
1197 2134 1328 2199 exhibet.

255 2239 383 2307 Librum
406 2240 472 2322 ipse
488 2238 703 2306 vindobonam
725 2240 943 2305 transmissum
966 2240 1004 2304 ad
1028 2240 1184 2327 exemplar
1198 2237 1330 2323 Mignia-

213 2361 289 2408 num
312 2343 438 2409 contuli.

161 2441 197 2511 II
252 2445 352 2512 (tuder
376 2446 613 2513 Monacensis
636 2467 667 2513 n.
684 2446 799 2528 14350,
822 2446 1086 2527 membranaceus,
1104 2443 1179 2511 029
1191 2463 1223 2510 nr
1239 2446 1329 2526 ultus,

210 2545 448 2631 haemulus,
478 2553 600 2617 saeculo
626 2553 654 2617 Χ
685 2552 836 2634 scriptura
864 2551 1012 2616 continua
1041 2555 1182 2615 exaratus
1211 2549 1330 2614 iudea

210 2651 284 2716 lolio
308 2652 336 2714 lI
359 2652 398 2718 ad
423 2652 496 2716 161*
524 2656 661 2739 integros
687 2655 834 2719 tredecim
858 2653 1093 2719 (lonlessicnum
1122 2654 1217 2719 libros
1247 2671 1330 2719 conr·

211 2755 363 2837 plectitur.
398 2757 556 2840 inscriptio
579 2763 627 2822 est
648 2758 742 2822 haec:
765 2764 900 2821 INCIPIT
917 2751 1331 2821 LIBERI-CONIISSIOIITI

212 2849 267 2921 s'dl
284 2849 357 2921 I'l‘ld
374 2852 442 2927 E’PI.
478 2859 659 2944 pertinebat
670 2864 785 2943 autem,
804 2862 983 2944 priusquam
1002 2861 1034 2926 in
1048 2860 1268 2930 bibliothecam
1283 2881 1331 2928 re-

211 2962 296 3046 giam
310 2961 529 3028 Monacensem
545 2964 713 3031 translatus
728 2969 785 3047 est,
806 2966 845 3031 ed
860 2967 977 3033 cleram
992 2964 1210 3034 bibliothecam
1226 2986 1330 3033 mona·

212 3065 300 3144 eterii
326 3085 350 3131 s.
381 3065 569 3134 llmmerami
596 3068 840 3151 Ratisbouensis,
867 3071 946 3136 sicut
972 3089 1083 3136 manns
1111 3072 1195 3135 tertii
1221 3071 1331 3135 decimi

211 3169 276 3235 lere
295 3171 410 3236 saeculi
435 3171 466 3234 in
486 3172 585 3254 primc
606 3170 678 3237 lolio
701 3173 875 3242 adnotauit:
904 3153 1132 3236 111111111Ἑί
1153 3172 1331 3233 emmerami

214 3271 376 3358 Raeopoa.
414 3273 491 3340 liber
513 3278 596 3340 totns
627 3274 665 3359 ab
694 3293 755 3341 nno
785 3275 909 3340 librario
940 3276 1071 3356 scriptus
1101 3292 1169 3339 esse
1198 3266 1331 3353 uidetur,

213 3395 402 3460 quemqnam
430 3378 501 3443 inde
523 3396 542 3442 1
563 3378 664 3442 medio
693 3378 766 3443 lolio
788 3376 844 3450 9οἳ
866 3377 983 3457 (VIIII,
1008 3376 1058 3458 10,
1080 3374 1136 3460 24)
1165 3394 1263 3458 usque
1292 3377 1331 3440 ad

213 3479 307 3545 linem
334 3480 444 3551 ductus
473 3482 647 3546 iturarum
670 3480 808 3563 aptiore
829 3484 916 3564 parte
938 3480 1011 3545 libri
1033 3481 1224 3564 aliquantum
1246 3479 1332 3545 dilie-

212 3587 294 3646 runt.
332 3583 569 3665 quaternionum
591 3585 712 3650 numeri
734 3584 783 3648 hic
804 3584 868 3650 illio
896 3585 1043 3669 adscripti
1072 3587 1155 3666 sunt,
1185 3584 1273 3649 uelut
1299 3585 1330 3649 in

213 3684 286 3750 folio
307 3685 369 3750 imo
391 3684 447 3750 ὁδ’
470 3687 540 3752 VH.
578 3688 660 3752 hand
681 3689 726 3752 ita
748 3689 845 3753 multo
870 3692 940 3772 post
968 3707 1062 3772 quam
1091 3687 1170 3763 liber
1199 3681 1331 3770 scriptus

214 3792 271 3869 est,
301 3807 320 3854 a
348 3792 517 3857 correctore
544 3791 645 3874 aliquo
667 3792 696 3857 X
718 3793 768 3856 uel
790 3791 836 3856 III
858 3793 973 3858 saeculi
1001 3793 1046 3859 itu
1075 3793 1254 3876 corrigendo
1283 3811 1333 3856 re·

213 3894 365 3959 tractatus
380 3898 438 3976 est,
462 3899 497 3960 ut
513 3894 565 3960 uix
580 3891 688 3960 uerene
703 3895 834 3979 legatur,
858 3896 932 3979 quin
950 3898 1084 3985 uestigia
1103 3895 1195 3963 huius
1214 3914 1333 3964 correo·

214 3996 289 4060 toris
304 4000 529 4079 praeseferat
564 3999 613 4063 hic
629 3999 712 4064 enim
727 4005 880 4064 corrector
899 4002 931 4064 11
948 4001 1095 4065 detritam
1114 4001 1330 4066 nonnullorum

213 4097 380 4164 uerborum
412 4101 596 4184 scripturam
629 4101 739 4184 prioris
770 4121 880 4196 manns
911 4105 1073 4168 renouauit
1101 4108 1135 4169 et
1161 4104 1223 4169 alia
1251 4104 1334 4169 lenia

214 4202 365 4285 quaedum
386 4204 501 4270 librarii
523 4205 636 4270 menda
661 4207 795 4288 sustulit,
827 4207 912 4271 uelut
934 4207 1120 4288 assimilans,
1147 4199 1247 4273 sicubi
1269 4225 1331 4273 non
