<?xml version="1.0" encoding="UTF-8"?>
<!DOCTYPE html PUBLIC "-//W3C//DTD XHTML 1.0 Transitional//EN"
    "http://www.w3.org/TR/xhtml1/DTD/xhtml1-transitional.dtd">
<html xmlns="http://www.w3.org/1999/xhtml" xml:lang="en" lang="en">
 <head>
  <title>
</title>
<meta http-equiv="Content-Type" content="text/html;charset=utf-8" />
  <meta name='ocr-system' content='tesseract 3.04.00' />
  <meta name='ocr-capabilities' content='ocr_page ocr_carea ocr_par ocr_line ocrx_word'/>
</head>
<body>
  <div class='ocr_page' id='page_1' title='image "./sanctiavreliavg01kngoog_0406.png"; bbox 0 0 2896 4688; ppageno 0'>
   <div class='ocr_carea' id='block_1_1' title="bbox 186 250 917 332">
    <p class='ocr_par' dir='ltr' id='par_1_1' title="bbox 186 250 917 332">
     <span class='ocr_line' id='line_1_1' title="bbox 186 250 917 332; baseline 0.005 -19"><span class='ocrx_word' id='word_1_1' title='bbox 186 250 249 313; x_wconf 81' lang='grc'>364</span> <span class='ocrx_word' id='word_1_2' title='bbox 575 265 600 317; x_wconf 89' lang='lat' dir='ltr'>S.</span> <span class='ocrx_word' id='word_1_3' title='bbox 614 263 724 317; x_wconf 76' lang='lat' dir='ltr'>Aureli</span> <span class='ocrx_word' id='word_1_4' title='bbox 743 263 917 332; x_wconf 74' lang='lat' dir='ltr'>Augustini</span> 
     </span>
    </p>
   </div>
   <div class='ocr_carea' id='block_1_2' title="bbox 112 440 1376 2687">
    <p class='ocr_par' dir='ltr' id='par_1_2' title="bbox 184 440 1361 1147">
     <span class='ocr_line' id='line_1_2' title="bbox 186 440 1321 523; baseline 0 -19"><span class='ocrx_word' id='word_1_5' title='bbox 186 461 338 522; x_wconf 85' lang='lat' dir='ltr'>sequere</span> <span class='ocrx_word' id='word_1_6' title='bbox 358 441 528 519; x_wconf 85' lang='lat' dir='ltr'>dominum,</span> <span class='ocrx_word' id='word_1_7' title='bbox 548 441 579 504; x_wconf 85' lang='lat' dir='ltr'>si</span> <span class='ocrx_word' id='word_1_8' title='bbox 599 441 654 503; x_wconf 90' lang='lat' dir='ltr'>uis</span> <span class='ocrx_word' id='word_1_9' title='bbox 674 459 754 504; x_wconf 89' lang='lat' dir='ltr'>esse</span> <span class='ocrx_word' id='word_1_10' title='bbox 774 441 976 523; x_wconf 81' lang='lat' dir='ltr'>perfectus,</span> <span class='ocrx_word' id='word_1_11' title='bbox 997 440 1040 503; x_wconf 89' lang='lat' dir='ltr'>eis</span> <span class='ocrx_word' id='word_1_12' title='bbox 1059 441 1205 520; x_wconf 78' lang='lat' dir='ltr'>adelaide,</span> <span class='ocrx_word' id='word_1_13' title='bbox 1230 441 1321 505; x_wconf 86' lang='lat' dir='ltr'>inter</span> 
     </span>
     <span class='ocr_line' id='line_1_3' title="bbox 186 543 1318 628; baseline 0 -19"><span class='ocrx_word' id='word_1_14' title='bbox 186 563 262 627; x_wconf 86' lang='lat' dir='ltr'>ques</span> <span class='ocrx_word' id='word_1_15' title='bbox 284 546 418 626; x_wconf 88' lang='lat' dir='ltr'>loquitur</span> <span class='ocrx_word' id='word_1_16' title='bbox 440 545 663 628; x_wconf 78' lang='lat' dir='ltr'>sapientiam</span> <span class='ocrx_word' id='word_1_17' title='bbox 687 544 749 624; x_wconf 90' lang='lat' dir='ltr'>ille,</span> <span class='ocrx_word' id='word_1_18' title='bbox 772 545 823 626; x_wconf 91' lang='lat' dir='ltr'>qui</span> <span class='ocrx_word' id='word_1_19' title='bbox 847 545 941 623; x_wconf 85' lang='lat' dir='ltr'>uouit,</span> <span class='ocrx_word' id='word_1_20' title='bbox 965 544 1037 624; x_wconf 91' lang='lat' dir='ltr'>quid</span> <span class='ocrx_word' id='word_1_21' title='bbox 1060 543 1229 608; x_wconf 77' lang='lat' dir='ltr'><strong>distribuat</strong></span> <span class='ocrx_word' id='word_1_22' title='bbox 1255 544 1318 609; x_wconf 91' lang='lat' dir='ltr'>diei</span> 
     </span>
     <span class='ocr_line' id='line_1_4' title="bbox 185 647 1317 729; baseline 0.001 -18"><span class='ocrx_word' id='word_1_23' title='bbox 185 651 217 712; x_wconf 87' lang='lat' dir='ltr'>et</span> <span class='ocrx_word' id='word_1_24' title='bbox 239 651 332 728; x_wconf 87' lang='lat' dir='ltr'>nocti,</span> <span class='ocrx_word' id='word_1_25' title='bbox 358 654 393 714; x_wconf 94' lang='lat' dir='ltr'>ut</span> <span class='ocrx_word' id='word_1_26' title='bbox 415 650 497 713; x_wconf 87' lang='lat' dir='ltr'>nuris</span> <span class='ocrx_word' id='word_1_27' title='bbox 520 653 616 729; x_wconf 79' lang='lat' dir='ltr'>etin,</span> <span class='ocrx_word' id='word_1_28' title='bbox 644 652 678 713; x_wconf 91' lang='lat' dir='ltr'>ut</span> <span class='ocrx_word' id='word_1_29' title='bbox 704 649 799 712; x_wconf 82' lang='lat' dir='ltr'>fiant</span> <span class='ocrx_word' id='word_1_30' title='bbox 826 652 857 711; x_wconf 89' lang='lat' dir='ltr'>et</span> <span class='ocrx_word' id='word_1_31' title='bbox 882 647 939 712; x_wconf 89' lang='lat' dir='ltr'>tibi</span> <span class='ocrx_word' id='word_1_32' title='bbox 964 648 1165 712; x_wconf 83' lang='lat' dir='ltr'>luminaria</span> <span class='ocrx_word' id='word_1_33' title='bbox 1187 649 1224 713; x_wconf 91' lang='lat' dir='ltr'>in</span> <span class='ocrx_word' id='word_1_34' title='bbox 1249 648 1317 712; x_wconf 88' lang='lat' dir='ltr'>fir-</span> 
     </span>
     <span class='ocr_line' id='line_1_5' title="bbox 186 752 1314 835; baseline 0 -19"><span class='ocrx_word' id='word_1_35' title='bbox 186 757 369 818; x_wconf 85' lang='lat' dir='ltr'>mamento</span> <span class='ocrx_word' id='word_1_36' title='bbox 391 753 501 818; x_wconf 85' lang='lat' dir='ltr'>caeli:</span> <span class='ocrx_word' id='word_1_37' title='bbox 528 752 609 835; x_wconf 89' lang='lat' dir='ltr'>quud</span> <span class='ocrx_word' id='word_1_38' title='bbox 632 771 693 817; x_wconf 87' lang='lat' dir='ltr'>non</span> <span class='ocrx_word' id='word_1_39' title='bbox 715 752 779 832; x_wconf 88' lang='lat' dir='ltr'>fiet,</span> <span class='ocrx_word' id='word_1_40' title='bbox 805 753 865 817; x_wconf 92' lang='lat' dir='ltr'>nisi</span> <span class='ocrx_word' id='word_1_41' title='bbox 891 752 986 817; x_wconf 86' lang='lat' dir='ltr'>fuerit</span> <span class='ocrx_word' id='word_1_42' title='bbox 1011 752 1075 816; x_wconf 90' lang='lat' dir='ltr'>illic</span> <span class='ocrx_word' id='word_1_43' title='bbox 1101 769 1161 816; x_wconf 88' lang='lat' dir='ltr'>eur</span> <span class='ocrx_word' id='word_1_44' title='bbox 1189 757 1314 825; x_wconf 89' lang='lat' dir='ltr'>tuum;</span> 
     </span>
     <span class='ocr_line' id='line_1_6' title="bbox 185 856 1361 937; baseline 0.001 -17"><span class='ocrx_word' id='word_1_45' title='bbox 185 857 264 937; x_wconf 89' lang='lat' dir='ltr'>qnod</span> <span class='ocrx_word' id='word_1_46' title='bbox 292 858 367 922; x_wconf 92' lang='lat' dir='ltr'>item</span> <span class='ocrx_word' id='word_1_47' title='bbox 395 875 455 922; x_wconf 86' lang='lat' dir='ltr'>non</span> <span class='ocrx_word' id='word_1_48' title='bbox 483 857 546 936; x_wconf 86' lang='lat' dir='ltr'>liet,</span> <span class='ocrx_word' id='word_1_49' title='bbox 578 857 637 921; x_wconf 89' lang='lat' dir='ltr'>nisi</span> <span class='ocrx_word' id='word_1_50' title='bbox 663 857 758 920; x_wconf 84' lang='lat' dir='ltr'>fuerit</span> <span class='ocrx_word' id='word_1_51' title='bbox 783 856 1067 920; x_wconf 65' lang='lat' dir='ltr'>illistthesaurus</span> <span class='ocrx_word' id='word_1_52' title='bbox 1095 860 1194 935; x_wconf 81' lang='lat' dir='ltr'>tune,</span> <span class='ocrx_word' id='word_1_53' title='bbox 1227 856 1314 919; x_wconf 85' lang='lat' dir='ltr'>sicut</span> <span class='ocrx_word' id='word_1_54' title='bbox 1349 893 1361 921; x_wconf 58' lang='grc' dir='ltr'><strong>ο</strong></span> 
     </span>
     <span class='ocr_line' id='line_1_7' title="bbox 185 960 1313 1045; baseline -0.001 -21"><span class='ocrx_word' id='word_1_55' title='bbox 185 962 297 1026; x_wconf 87' lang='lat' dir='ltr'>audisti</span> <span class='ocrx_word' id='word_1_56' title='bbox 320 980 339 1026; x_wconf 87' lang='lat' dir='ltr'>a</span> <span class='ocrx_word' id='word_1_57' title='bbox 362 962 509 1045; x_wconf 82' lang='lat' dir='ltr'>magistre</span> <span class='ocrx_word' id='word_1_58' title='bbox 531 961 620 1026; x_wconf 87' lang='lat' dir='ltr'>bono.</span> <span class='ocrx_word' id='word_1_59' title='bbox 666 960 721 1024; x_wconf 92' lang='lat' dir='ltr'>sed</span> <span class='ocrx_word' id='word_1_60' title='bbox 748 961 971 1024; x_wconf 85' lang='lat' dir='ltr'>contristata</span> <span class='ocrx_word' id='word_1_61' title='bbox 998 964 1054 1024; x_wconf 93' lang='lat' dir='ltr'>est</span> <span class='ocrx_word' id='word_1_62' title='bbox 1076 964 1158 1024; x_wconf 87' lang='lat' dir='ltr'>terra</span> <span class='ocrx_word' id='word_1_63' title='bbox 1181 961 1313 1040; x_wconf 88' lang='lat' dir='ltr'>sterilis,</span> 
     </span>
     <span class='ocr_line' id='line_1_8' title="bbox 184 1064 920 1147; baseline -0.001 -19"><span class='ocrx_word' id='word_1_64' title='bbox 184 1069 222 1128; x_wconf 87' lang='lat' dir='ltr'>et</span> <span class='ocrx_word' id='word_1_65' title='bbox 243 1066 370 1147; x_wconf 88' lang='lat' dir='ltr'>spinae</span> <span class='ocrx_word' id='word_1_66' title='bbox 393 1065 676 1130; x_wconf 86' lang='lat' dir='ltr'>suffecaneruut</span> <span class='ocrx_word' id='word_1_67' title='bbox 698 1064 838 1128; x_wconf 87' lang='lat' dir='ltr'>uerbum.</span> <span class='ocrx_word' id='word_1_68' title='bbox 915 1098 920 1104; x_wconf 93' lang='lat'>·</span> 
     </span>
    </p>

    <p class='ocr_par' dir='ltr' id='par_1_3' title="bbox 114 1166 1376 2290">
     <span class='ocr_line' id='line_1_9' title="bbox 114 1166 1312 1253; baseline -0.001 -22"><span class='ocrx_word' id='word_1_69' title='bbox 114 1176 153 1231; x_wconf 73' lang='lat'>25</span> <span class='ocrx_word' id='word_1_70' title='bbox 228 1169 291 1233; x_wconf 88' lang='lat' dir='ltr'>Vos</span> <span class='ocrx_word' id='word_1_71' title='bbox 314 1173 429 1250; x_wconf 85' lang='lat' dir='ltr'>autem,</span> <span class='ocrx_word' id='word_1_72' title='bbox 451 1188 567 1253; x_wconf 84' lang='lat' dir='ltr'>genus</span> <span class='ocrx_word' id='word_1_73' title='bbox 590 1170 747 1233; x_wconf 87' lang='lat' dir='ltr'>electum</span> <span class='ocrx_word' id='word_1_74' title='bbox 770 1169 802 1232; x_wconf 93' lang='lat' dir='ltr'>in</span> <span class='ocrx_word' id='word_1_75' title='bbox 825 1167 1020 1232; x_wconf 80' lang='lat' dir='ltr'>firmamento</span> <span class='ocrx_word' id='word_1_76' title='bbox 1043 1166 1162 1245; x_wconf 86' lang='lat' dir='ltr'>mundi,</span> <span class='ocrx_word' id='word_1_77' title='bbox 1186 1168 1239 1248; x_wconf 90' lang='lat' dir='ltr'>qui</span> <span class='ocrx_word' id='word_1_78' title='bbox 1264 1167 1312 1230; x_wconf 92' lang='lat' dir='ltr'>di·</span> 
     </span>
     <span class='ocr_line' id='line_1_10' title="bbox 184 1273 1376 1363; baseline -0.003 -26"><span class='ocrx_word' id='word_1_79' title='bbox 184 1274 312 1337; x_wconf 87' lang='lat' dir='ltr'>misistis</span> <span class='ocrx_word' id='word_1_80' title='bbox 331 1275 445 1354; x_wconf 89' lang='lat' dir='ltr'>omnia,</span> <span class='ocrx_word' id='word_1_81' title='bbox 468 1279 504 1338; x_wconf 92' lang='lat' dir='ltr'>ut</span> <span class='ocrx_word' id='word_1_82' title='bbox 522 1273 727 1356; x_wconf 80' lang='lat' dir='ltr'>sequeremini</span> <span class='ocrx_word' id='word_1_83' title='bbox 747 1273 917 1352; x_wconf 87' lang='lat' dir='ltr'>domiuum,</span> <span class='ocrx_word' id='word_1_84' title='bbox 940 1273 982 1335; x_wconf 88' lang='lat' dir='ltr'>ite</span> <span class='ocrx_word' id='word_1_85' title='bbox 1003 1275 1074 1355; x_wconf 84' lang='lat' dir='ltr'>pest</span> <span class='ocrx_word' id='word_1_86' title='bbox 1094 1289 1165 1334; x_wconf 91' lang='lat' dir='ltr'>aum</span> <span class='ocrx_word' id='word_1_87' title='bbox 1186 1274 1218 1334; x_wconf 89' lang='lat' dir='ltr'>et</span> <span class='ocrx_word' id='word_1_88' title='bbox 1235 1287 1312 1334; x_wconf 84' lang='lat' dir='ltr'>ceu·</span> <span class='ocrx_word' id='word_1_89' title='bbox 1374 1360 1376 1363; x_wconf 13' lang='grc' dir='ltr'>ι</span> 
     </span>
     <span class='ocr_line' id='line_1_11' title="bbox 183 1375 1358 1460; baseline -0.001 -20"><span class='ocrx_word' id='word_1_90' title='bbox 183 1376 301 1441; x_wconf 86' lang='lat' dir='ltr'>fundite</span> <span class='ocrx_word' id='word_1_91' title='bbox 327 1378 453 1458; x_wconf 81' lang='lat' dir='ltr'>fortia,</span> <span class='ocrx_word' id='word_1_92' title='bbox 479 1378 521 1443; x_wconf 89' lang='lat' dir='ltr'>ite</span> <span class='ocrx_word' id='word_1_93' title='bbox 547 1381 617 1460; x_wconf 85' lang='lat' dir='ltr'>post</span> <span class='ocrx_word' id='word_1_94' title='bbox 643 1396 724 1457; x_wconf 91' lang='lat' dir='ltr'>eum,</span> <span class='ocrx_word' id='word_1_95' title='bbox 753 1377 913 1460; x_wconf 76' lang='lat' dir='ltr'>speciosi</span> <span class='ocrx_word' id='word_1_96' title='bbox 940 1376 1065 1458; x_wconf 79' lang='lat' dir='ltr'>pedae,</span> <span class='ocrx_word' id='word_1_97' title='bbox 1093 1380 1125 1439; x_wconf 85' lang='lat' dir='ltr'>et</span> <span class='ocrx_word' id='word_1_98' title='bbox 1146 1375 1248 1438; x_wconf 86' lang='lat' dir='ltr'>lucete</span> <span class='ocrx_word' id='word_1_99' title='bbox 1273 1375 1310 1438; x_wconf 89' lang='lat' dir='ltr'>in</span> <span class='ocrx_word' id='word_1_100' title='bbox 1336 1401 1358 1439; x_wconf 74' lang='grc' dir='ltr'>ιι</span> 
     </span>
     <span class='ocr_line' id='line_1_12' title="bbox 183 1466 1311 1564; baseline -0.003 -19"><span class='ocrx_word' id='word_1_101' title='bbox 183 1482 433 1562; x_wconf 87' lang='lat' dir='ltr'>firmamento,</span> <span class='ocrx_word' id='word_1_102' title='bbox 460 1486 495 1547; x_wconf 87' lang='lat' dir='ltr'>ut</span> <span class='ocrx_word' id='word_1_103' title='bbox 521 1483 613 1546; x_wconf 88' lang='lat' dir='ltr'>caeli</span> <span class='ocrx_word' id='word_1_104' title='bbox 640 1485 817 1546; x_wconf 81' lang='lat' dir='ltr'>enarrent</span> <span class='ocrx_word' id='word_1_105' title='bbox 842 1480 998 1564; x_wconf 81' lang='lat' dir='ltr'>gloriam</span> <span class='ocrx_word' id='word_1_106' title='bbox 1032 1466 1097 1543; x_wconf 88' lang='lat' dir='ltr'>eius</span> <span class='ocrx_word' id='word_1_107' title='bbox 1132 1479 1311 1543; x_wconf 77' lang='lat' dir='ltr'>diuidendae</span> 
     </span>
     <span class='ocr_line' id='line_1_13' title="bbox 183 1582 1312 1669; baseline -0.003 -21"><span class='ocrx_word' id='word_1_108' title='bbox 183 1586 263 1648; x_wconf 88' lang='lat' dir='ltr'>inter</span> <span class='ocrx_word' id='word_1_109' title='bbox 292 1587 412 1650; x_wconf 91' lang='lat' dir='ltr'>lucem</span> <span class='ocrx_word' id='word_1_110' title='bbox 442 1586 662 1669; x_wconf 80' lang='lat' dir='ltr'>perlectorum,</span> <span class='ocrx_word' id='word_1_111' title='bbox 691 1585 745 1650; x_wconf 91' lang='lat' dir='ltr'>sed</span> <span class='ocrx_word' id='word_1_112' title='bbox 776 1584 913 1648; x_wconf 86' lang='lat' dir='ltr'>nondum</span> <span class='ocrx_word' id='word_1_113' title='bbox 943 1584 1023 1647; x_wconf 89' lang='lat' dir='ltr'>sient</span> <span class='ocrx_word' id='word_1_114' title='bbox 1053 1582 1247 1665; x_wconf 84' lang='lat' dir='ltr'>augelorum,</span> <span class='ocrx_word' id='word_1_115' title='bbox 1279 1585 1312 1646; x_wconf 91' lang='lat' dir='ltr'>et</span> 
     </span>
     <span class='ocr_line' id='line_1_14' title="bbox 183 1686 1311 1771; baseline 0 -21"><span class='ocrx_word' id='word_1_116' title='bbox 183 1688 356 1752; x_wconf 82' lang='lat' dir='ltr'>tenebras</span> <span class='ocrx_word' id='word_1_117' title='bbox 383 1691 601 1771; x_wconf 65' lang='lat' dir='ltr'>paruulorum</span> <span class='ocrx_word' id='word_1_118' title='bbox 622 1689 676 1753; x_wconf 90' lang='lat' dir='ltr'>sed</span> <span class='ocrx_word' id='word_1_119' title='bbox 703 1707 764 1752; x_wconf 86' lang='lat' dir='ltr'>uon</span> <span class='ocrx_word' id='word_1_120' title='bbox 792 1688 1038 1770; x_wconf 82' lang='lat' dir='ltr'>desperatarum:</span> <span class='ocrx_word' id='word_1_121' title='bbox 1069 1686 1170 1749; x_wconf 85' lang='lat' dir='ltr'>lucete</span> <span class='ocrx_word' id='word_1_122' title='bbox 1197 1704 1311 1768; x_wconf 90' lang='lat' dir='ltr'>super</span> 
     </span>
     <span class='ocr_line' id='line_1_15' title="bbox 183 1789 1310 1872; baseline 0 -18"><span class='ocrx_word' id='word_1_123' title='bbox 183 1810 307 1855; x_wconf 86' lang='lat' dir='ltr'>omnem</span> <span class='ocrx_word' id='word_1_124' title='bbox 326 1796 479 1872; x_wconf 81' lang='lat' dir='ltr'>terram,</span> <span class='ocrx_word' id='word_1_125' title='bbox 504 1796 535 1856; x_wconf 87' lang='lat' dir='ltr'>et</span> <span class='ocrx_word' id='word_1_126' title='bbox 554 1793 632 1855; x_wconf 89' lang='lat' dir='ltr'>dies</span> <span class='ocrx_word' id='word_1_127' title='bbox 652 1793 716 1856; x_wconf 86' lang='lat' dir='ltr'>sole</span> <span class='ocrx_word' id='word_1_128' title='bbox 735 1793 870 1855; x_wconf 84' lang='lat' dir='ltr'>candens</span> <span class='ocrx_word' id='word_1_129' title='bbox 891 1793 1037 1854; x_wconf 87' lang='lat' dir='ltr'>eructet</span> <span class='ocrx_word' id='word_1_130' title='bbox 1058 1789 1130 1853; x_wconf 91' lang='lat' dir='ltr'>diei</span> <span class='ocrx_word' id='word_1_131' title='bbox 1153 1789 1310 1854; x_wconf 89' lang='lat' dir='ltr'>uerbum</span> 
     </span>
     <span class='ocr_line' id='line_1_16' title="bbox 183 1894 1360 1976; baseline 0 -18"><span class='ocrx_word' id='word_1_132' title='bbox 183 1896 350 1976; x_wconf 86' lang='lat' dir='ltr'>sapientiae</span> <span class='ocrx_word' id='word_1_133' title='bbox 377 1899 406 1958; x_wconf 89' lang='lat' dir='ltr'>ct</span> <span class='ocrx_word' id='word_1_134' title='bbox 437 1914 517 1975; x_wconf 83' lang='lat' dir='ltr'>uox,</span> <span class='ocrx_word' id='word_1_135' title='bbox 548 1896 623 1959; x_wconf 89' lang='lat' dir='ltr'>luna</span> <span class='ocrx_word' id='word_1_136' title='bbox 653 1896 769 1975; x_wconf 87' lang='lat' dir='ltr'>lucens,</span> <span class='ocrx_word' id='word_1_137' title='bbox 799 1896 996 1959; x_wconf 86' lang='lat' dir='ltr'>annuntiet</span> <span class='ocrx_word' id='word_1_138' title='bbox 1026 1895 1124 1959; x_wconf 84' lang='lat' dir='ltr'>nocti</span> <span class='ocrx_word' id='word_1_139' title='bbox 1154 1894 1309 1958; x_wconf 89' lang='lat' dir='ltr'>uerbum</span> <span class='ocrx_word' id='word_1_140' title='bbox 1337 1923 1360 1958; x_wconf 71' lang='lat' dir='ltr'>a</span> 
     </span>
     <span class='ocr_line' id='line_1_17' title="bbox 182 1997 1311 2078; baseline 0 -17"><span class='ocrx_word' id='word_1_141' title='bbox 182 1998 373 2063; x_wconf 78' lang='lat' dir='ltr'>scientiae.</span> <span class='ocrx_word' id='word_1_142' title='bbox 417 2000 492 2063; x_wconf 88' lang='lat' dir='ltr'>luna</span> <span class='ocrx_word' id='word_1_143' title='bbox 514 2002 546 2063; x_wconf 90' lang='lat' dir='ltr'>et</span> <span class='ocrx_word' id='word_1_144' title='bbox 568 2000 674 2063; x_wconf 89' lang='lat' dir='ltr'>stellae</span> <span class='ocrx_word' id='word_1_145' title='bbox 702 1998 785 2063; x_wconf 87' lang='lat' dir='ltr'>nocti</span> <span class='ocrx_word' id='word_1_146' title='bbox 810 1999 925 2078; x_wconf 86' lang='lat' dir='ltr'>lucent,</span> <span class='ocrx_word' id='word_1_147' title='bbox 953 1999 1006 2062; x_wconf 91' lang='lat' dir='ltr'>sed</span> <span class='ocrx_word' id='word_1_148' title='bbox 1030 2016 1087 2061; x_wconf 85' lang='lat' dir='ltr'>nor</span> <span class='ocrx_word' id='word_1_149' title='bbox 1111 2015 1172 2061; x_wconf 86' lang='lat' dir='ltr'>nen</span> <span class='ocrx_word' id='word_1_150' title='bbox 1194 1997 1311 2061; x_wconf 85' lang='lat' dir='ltr'>obscu-</span> 
     </span>
     <span class='ocr_line' id='line_1_18' title="bbox 182 2101 1310 2187; baseline -0.002 -21"><span class='ocrx_word' id='word_1_151' title='bbox 182 2105 231 2167; x_wconf 89' lang='lat' dir='ltr'>rat</span> <span class='ocrx_word' id='word_1_152' title='bbox 250 2121 312 2182; x_wconf 92' lang='lat' dir='ltr'>eas,</span> <span class='ocrx_word' id='word_1_153' title='bbox 336 2103 481 2185; x_wconf 88' lang='lat' dir='ltr'>quoniam</span> <span class='ocrx_word' id='word_1_154' title='bbox 500 2104 586 2187; x_wconf 87' lang='lat' dir='ltr'>ipsae</span> <span class='ocrx_word' id='word_1_155' title='bbox 606 2103 795 2168; x_wconf 81' lang='lat' dir='ltr'>inluminent</span> <span class='ocrx_word' id='word_1_156' title='bbox 814 2120 883 2166; x_wconf 91' lang='lat' dir='ltr'>eam</span> <span class='ocrx_word' id='word_1_157' title='bbox 902 2120 957 2184; x_wconf 87' lang='lat' dir='ltr'>pro</span> <span class='ocrx_word' id='word_1_158' title='bbox 978 2102 1101 2166; x_wconf 90' lang='lat' dir='ltr'>modulo</span> <span class='ocrx_word' id='word_1_159' title='bbox 1123 2101 1199 2165; x_wconf 90' lang='lat' dir='ltr'>eius.</span> <span class='ocrx_word' id='word_1_160' title='bbox 1237 2119 1310 2166; x_wconf 88' lang='lat' dir='ltr'>ecce</span> 
     </span>
     <span class='ocr_line' id='line_1_19' title="bbox 182 2206 1309 2290; baseline -0.002 -19"><span class='ocrx_word' id='word_1_161' title='bbox 182 2207 264 2272; x_wconf 91' lang='lat' dir='ltr'>enim</span> <span class='ocrx_word' id='word_1_162' title='bbox 281 2211 440 2290; x_wconf 87' lang='lat' dir='ltr'>tamquam</span> <span class='ocrx_word' id='word_1_163' title='bbox 456 2209 513 2273; x_wconf 87' lang='lat' dir='ltr'>dec</span> <span class='ocrx_word' id='word_1_164' title='bbox 528 2209 662 2273; x_wconf 89' lang='lat' dir='ltr'>dicente:</span> <span class='ocrx_word' id='word_1_165' title='bbox 687 2208 783 2273; x_wconf 86' lang='lat' dir='ltr'>fiant</span> <span class='ocrx_word' id='word_1_166' title='bbox 801 2206 1003 2271; x_wconf 88' lang='lat' dir='ltr'>luminaria</span> <span class='ocrx_word' id='word_1_167' title='bbox 1017 2207 1053 2270; x_wconf 90' lang='lat' dir='ltr'>in</span> <span class='ocrx_word' id='word_1_168' title='bbox 1068 2206 1309 2270; x_wconf 84' lang='lat' dir='ltr'>firmamento</span> 
     </span>
    </p>

    <p class='ocr_par' dir='ltr' id='par_1_4' title="bbox 112 2309 1360 2687">
     <span class='ocr_line' id='line_1_20' title="bbox 112 2309 1308 2393; baseline -0.003 -17"><span class='ocrx_word' id='word_1_169' title='bbox 112 2391 114 2393; x_wconf 12' lang='grc' dir='ltr'><strong><em>ι</em></strong></span> <span class='ocrx_word' id='word_1_170' title='bbox 181 2313 289 2392; x_wconf 87' lang='lat' dir='ltr'>caeli,</span> <span class='ocrx_word' id='word_1_171' title='bbox 311 2312 434 2377; x_wconf 84' lang='lat' dir='ltr'>factus</span> <span class='ocrx_word' id='word_1_172' title='bbox 456 2317 514 2377; x_wconf 88' lang='lat' dir='ltr'>est</span> <span class='ocrx_word' id='word_1_173' title='bbox 535 2312 659 2378; x_wconf 89' lang='lat' dir='ltr'>subito</span> <span class='ocrx_word' id='word_1_174' title='bbox 678 2312 719 2376; x_wconf 93' lang='lat' dir='ltr'>de</span> <span class='ocrx_word' id='word_1_175' title='bbox 739 2312 840 2376; x_wconf 87' lang='lat' dir='ltr'>caelo</span> <span class='ocrx_word' id='word_1_176' title='bbox 864 2329 989 2390; x_wconf 87' lang='lat' dir='ltr'>sunus,</span> <span class='ocrx_word' id='word_1_177' title='bbox 1013 2311 1119 2392; x_wconf 88' lang='lat' dir='ltr'>quasi</span> <span class='ocrx_word' id='word_1_178' title='bbox 1143 2309 1308 2373; x_wconf 84' lang='lat' dir='ltr'>ferretur</span> 
     </span>
     <span class='ocr_line' id='line_1_21' title="bbox 182 2414 1360 2498; baseline -0.003 -19"><span class='ocrx_word' id='word_1_179' title='bbox 182 2416 297 2480; x_wconf 88' lang='lat' dir='ltr'>flatus</span> <span class='ocrx_word' id='word_1_180' title='bbox 324 2417 536 2496; x_wconf 88' lang='lat' dir='ltr'>uehemens,</span> <span class='ocrx_word' id='word_1_181' title='bbox 564 2420 600 2481; x_wconf 93' lang='lat' dir='ltr'>et</span> <span class='ocrx_word' id='word_1_182' title='bbox 622 2416 723 2481; x_wconf 89' lang='lat' dir='ltr'>uisae</span> <span class='ocrx_word' id='word_1_183' title='bbox 746 2419 832 2480; x_wconf 88' lang='lat' dir='ltr'>sunt</span> <span class='ocrx_word' id='word_1_184' title='bbox 853 2415 1004 2498; x_wconf 82' lang='lat' dir='ltr'>linguae</span> <span class='ocrx_word' id='word_1_185' title='bbox 1031 2414 1173 2479; x_wconf 90' lang='lat' dir='ltr'>diuisae</span> <span class='ocrx_word' id='word_1_186' title='bbox 1200 2415 1309 2495; x_wconf 88' lang='lat' dir='ltr'>quasi</span> <span class='ocrx_word' id='word_1_187' title='bbox 1334 2437 1360 2477; x_wconf 70' lang='grc' dir='ltr'><strong><em>ω</em></strong></span> 
     </span>
     <span class='ocr_line' id='line_1_22' title="bbox 181 2519 1308 2602; baseline -0.002 -20"><span class='ocrx_word' id='word_1_188' title='bbox 181 2519 292 2601; x_wconf 81' lang='lat' dir='ltr'>ignis,</span> <span class='ocrx_word' id='word_1_189' title='bbox 322 2520 384 2600; x_wconf 90' lang='lat' dir='ltr'>qui</span> <span class='ocrx_word' id='word_1_190' title='bbox 414 2523 449 2583; x_wconf 88' lang='lat' dir='ltr'>et</span> <span class='ocrx_word' id='word_1_191' title='bbox 477 2520 616 2583; x_wconf 87' lang='lat' dir='ltr'>insedit</span> <span class='ocrx_word' id='word_1_192' title='bbox 638 2538 747 2602; x_wconf 89' lang='lat' dir='ltr'>snper</span> <span class='ocrx_word' id='word_1_193' title='bbox 769 2537 1064 2600; x_wconf 88' lang='lat' dir='ltr'>unumquemque</span> <span class='ocrx_word' id='word_1_194' title='bbox 1087 2519 1252 2596; x_wconf 90' lang='lat' dir='ltr'>illorum,</span> <span class='ocrx_word' id='word_1_195' title='bbox 1276 2521 1308 2580; x_wconf 89' lang='lat' dir='ltr'>et</span> 
     </span>
     <span class='ocr_line' id='line_1_23' title="bbox 181 2621 1305 2687; baseline -0.001 -2"><span class='ocrx_word' id='word_1_196' title='bbox 181 2621 263 2685; x_wconf 86' lang='lat' dir='ltr'>facta</span> <span class='ocrx_word' id='word_1_197' title='bbox 285 2625 358 2686; x_wconf 87' lang='lat' dir='ltr'>sunt</span> <span class='ocrx_word' id='word_1_198' title='bbox 379 2622 577 2687; x_wconf 88' lang='lat' dir='ltr'>luminaria</span> <span class='ocrx_word' id='word_1_199' title='bbox 604 2623 640 2687; x_wconf 91' lang='lat' dir='ltr'>iu</span> <span class='ocrx_word' id='word_1_200' title='bbox 667 2622 903 2686; x_wconf 82' lang='lat' dir='ltr'>firmamento</span> <span class='ocrx_word' id='word_1_201' title='bbox 931 2623 1026 2687; x_wconf 90' lang='lat' dir='ltr'>caeli</span> <span class='ocrx_word' id='word_1_202' title='bbox 1048 2621 1179 2685; x_wconf 87' lang='lat' dir='ltr'>uerbum</span> <span class='ocrx_word' id='word_1_203' title='bbox 1203 2621 1305 2685; x_wconf 87' lang='lat' dir='ltr'>uitae</span> 
     </span>
    </p>
   </div>
   <div class='ocr_carea' id='block_1_3' title="bbox 179 2835 1304 3082">
    <p class='ocr_par' dir='ltr' id='par_1_5' title="bbox 179 2835 1304 3082">
     <span class='ocr_line' id='line_1_24' title="bbox 281 2835 1304 2908; baseline -0.006 -14"><span class='ocrx_word' id='word_1_204' title='bbox 281 2836 407 2908; x_wconf 67' lang='lat' dir='ltr'>auca.</span> <span class='ocrx_word' id='word_1_205' title='bbox 420 2841 481 2902; x_wconf 83' lang='lat' dir='ltr'>aa.</span> <span class='ocrx_word' id='word_1_206' title='bbox 533 2837 562 2907; x_wconf 81' lang='lat'>4]</span> <span class='ocrx_word' id='word_1_207' title='bbox 575 2836 671 2891; x_wconf 73' lang='lat' dir='ltr'>uates.</span> <span class='ocrx_word' id='word_1_208' title='bbox 685 2840 709 2903; x_wconf 83' lang='lat' dir='ltr'>a,</span> <span class='ocrx_word' id='word_1_209' title='bbox 721 2840 762 2894; x_wconf 84' lang='lat'>21.</span> <span class='ocrx_word' id='word_1_210' title='bbox 816 2837 844 2906; x_wconf 85' lang='grc' dir='ltr'>ι]</span> <span class='ocrx_word' id='word_1_211' title='bbox 857 2836 952 2891; x_wconf 76' lang='lat' dir='ltr'>naseu.</span> <span class='ocrx_word' id='word_1_212' title='bbox 965 2838 1004 2900; x_wconf 82' lang='lat' dir='ltr'>ua,</span> <span class='ocrx_word' id='word_1_213' title='bbox 1017 2838 1040 2891; x_wconf 82' lang='grc' dir='ltr'>ι.</span> <span class='ocrx_word' id='word_1_214' title='bbox 1093 2835 1266 2905; x_wconf 68' lang='lat' dir='ltr'>suessa</span> <span class='ocrx_word' id='word_1_215' title='bbox 1280 2839 1304 2890; x_wconf 85' lang='lat' dir='ltr'>e.</span> 
     </span>
     <span class='ocr_line' id='line_1_25' title="bbox 179 2921 1304 2995; baseline -0.006 -14"><span class='ocrx_word' id='word_1_216' title='bbox 179 2925 207 2995; x_wconf 85' lang='lat' dir='ltr'>e]</span> <span class='ocrx_word' id='word_1_217' title='bbox 226 2925 259 2979; x_wconf 72' lang='lat' dir='ltr'>cr.</span> <span class='ocrx_word' id='word_1_218' title='bbox 276 2924 356 2979; x_wconf 73' lang='lat' dir='ltr'>nare.</span> <span class='ocrx_word' id='word_1_219' title='bbox 375 2928 414 2989; x_wconf 88' lang='lat'>10.</span> <span class='ocrx_word' id='word_1_220' title='bbox 432 2927 466 2982; x_wconf 85' lang='lat' dir='ltr'>aa</span> <span class='ocrx_word' id='word_1_221' title='bbox 484 2926 511 2979; x_wconf 74' lang='lat' dir='ltr'>ot</span> <span class='ocrx_word' id='word_1_222' title='bbox 528 2924 622 2979; x_wconf 73' lang='lat' dir='ltr'>nasu.</span> <span class='ocrx_word' id='word_1_223' title='bbox 638 2926 677 2989; x_wconf 87' lang='lat'>19,</span> <span class='ocrx_word' id='word_1_224' title='bbox 695 2926 736 2980; x_wconf 80' lang='lat' dir='ltr'>er.</span> <span class='ocrx_word' id='word_1_225' title='bbox 826 2923 869 2993; x_wconf 85' lang='lat' dir='ltr'>rc]</span> <span class='ocrx_word' id='word_1_226' title='bbox 888 2923 902 2977; x_wconf 92' lang='lat'><em>1</em></span> <span class='ocrx_word' id='word_1_227' title='bbox 921 2923 978 2981; x_wconf 78' lang='lat' dir='ltr'>cor.</span> <span class='ocrx_word' id='word_1_228' title='bbox 993 2925 1016 2988; x_wconf 89' lang='lat'>1,</span> <span class='ocrx_word' id='word_1_229' title='bbox 1035 2925 1075 2978; x_wconf 78' lang='lat' dir='ltr'>aa.</span> <span class='ocrx_word' id='word_1_230' title='bbox 1163 2921 1205 2975; x_wconf 67' lang='lat' dir='ltr'>aa.</span> <span class='ocrx_word' id='word_1_231' title='bbox 1219 2924 1261 2984; x_wconf 82' lang='lat' dir='ltr'>sa,</span> <span class='ocrx_word' id='word_1_232' title='bbox 1280 2925 1304 2977; x_wconf 84' lang='grc' dir='ltr'>ι.</span> 
     </span>
     <span class='ocr_line' id='line_1_26' title="bbox 181 3010 966 3082; baseline -0.004 -15"><span class='ocrx_word' id='word_1_233' title='bbox 181 3011 224 3080; x_wconf 92' lang='lat'>11]</span> <span class='ocrx_word' id='word_1_234' title='bbox 244 3012 286 3065; x_wconf 76' lang='lat' dir='ltr'>es.</span> <span class='ocrx_word' id='word_1_235' title='bbox 301 3015 419 3080; x_wconf 75' lang='lat' dir='ltr'>raesq.</span> <span class='ocrx_word' id='word_1_236' title='bbox 474 3011 518 3081; x_wconf 84' lang='lat' dir='ltr'>re]</span> <span class='ocrx_word' id='word_1_237' title='bbox 536 3011 595 3066; x_wconf 74' lang='lat' dir='ltr'>let.</span> <span class='ocrx_word' id='word_1_238' title='bbox 609 3012 634 3075; x_wconf 84' lang='lat' dir='ltr'>a,</span> <span class='ocrx_word' id='word_1_239' title='bbox 646 3014 663 3067; x_wconf 88' lang='lat' dir='ltr'>a</span> <span class='ocrx_word' id='word_1_240' title='bbox 675 3028 712 3080; x_wconf 76' lang='lat' dir='ltr'>sq.</span> <span class='ocrx_word' id='word_1_241' title='bbox 766 3012 812 3082; x_wconf 84' lang='lat' dir='ltr'>aa]</span> <span class='ocrx_word' id='word_1_242' title='bbox 829 3010 892 3064; x_wconf 89' lang='lat'><em>110.</em></span> <span class='ocrx_word' id='word_1_243' title='bbox 907 3014 930 3074; x_wconf 91' lang='lat'>1,</span> <span class='ocrx_word' id='word_1_244' title='bbox 945 3015 966 3066; x_wconf 90' lang='lat'>1.</span> 
     </span>
    </p>
   </div>
   <div class='ocr_carea' id='block_1_4' title="bbox 223 3207 1308 3294">
    <p class='ocr_par' dir='ltr' id='par_1_6' title="bbox 223 3207 1308 3294">
     <span class='ocr_line' id='line_1_27' title="bbox 223 3207 1308 3294; baseline -0.003 -28"><span class='ocrx_word' id='word_1_245' title='bbox 223 3210 308 3280; x_wconf 88' lang='lat' dir='ltr'>luis]</span> <span class='ocrx_word' id='word_1_246' title='bbox 331 3210 390 3294; x_wconf 76' lang='lat' dir='ltr'>quis</span> <span class='ocrx_word' id='word_1_247' title='bbox 408 3212 441 3266; x_wconf 88' lang='grc' dir='ltr'><em>Η</em></span> <span class='ocrx_word' id='word_1_248' title='bbox 507 3227 562 3264; x_wconf 87' lang='lat' dir='ltr'>esse</span> <span class='ocrx_word' id='word_1_249' title='bbox 580 3211 643 3265; x_wconf 82' lang='lat' dir='ltr'>add.</span> <span class='ocrx_word' id='word_1_250' title='bbox 656 3209 739 3266; x_wconf 80' lang='lat' dir='ltr'>W’s.</span> <span class='ocrx_word' id='word_1_251' title='bbox 752 3213 769 3265; x_wconf 91' lang='lat' dir='ltr'>l.</span> <span class='ocrx_word' id='word_1_252' title='bbox 839 3209 1057 3278; x_wconf 70' lang='lat' dir='ltr'>tloquimurV</span> <span class='ocrx_word' id='word_1_253' title='bbox 1123 3207 1308 3277; x_wconf 68' lang='lat' dir='ltr'>sapientiai!</span> 
     </span>
    </p>
   </div>
   <div class='ocr_carea' id='block_1_5' title="bbox 178 3282 1307 3487">
    <p class='ocr_par' dir='ltr' id='par_1_7' title="bbox 178 3282 1307 3487">
     <span class='ocr_line' id='line_1_28' title="bbox 178 3282 1307 3394; baseline -0.002 -17"><span class='ocrx_word' id='word_1_254' title='bbox 178 3323 254 3394; x_wconf 90' lang='lat' dir='ltr'>quid]</span> <span class='ocrx_word' id='word_1_255' title='bbox 278 3323 322 3392; x_wconf 88' lang='lat' dir='ltr'>qui</span> <span class='ocrx_word' id='word_1_256' title='bbox 344 3324 371 3377; x_wconf 92' lang='lat' dir='ltr'><em>P</em></span> <span class='ocrx_word' id='word_1_257' title='bbox 455 3282 741 3388; x_wconf 52' lang='grc' dir='ltr'>Βθιιιιιιωωῡιιιιιιο</span> <span class='ocrx_word' id='word_1_258' title='bbox 759 3321 822 3375; x_wconf 84' lang='lat' dir='ltr'>add.</span> <span class='ocrx_word' id='word_1_259' title='bbox 841 3338 874 3375; x_wconf 86' lang='lat' dir='ltr'>m.</span> <span class='ocrx_word' id='word_1_260' title='bbox 890 3323 918 3389; x_wconf 82' lang='lat'>2)</span> <span class='ocrx_word' id='word_1_261' title='bbox 937 3322 964 3375; x_wconf 94' lang='lat' dir='ltr'><strong><em>P</em></strong></span> <span class='ocrx_word' id='word_1_262' title='bbox 1046 3287 1169 3387; x_wconf 70' lang='lat' dir='ltr'>lillflc</span> <span class='ocrx_word' id='word_1_263' title='bbox 1186 3320 1307 3388; x_wconf 80' lang='lat' dir='ltr'>m.2)0</span> 
     </span>
     <span class='ocr_line' id='line_1_29' title="bbox 179 3414 1305 3487; baseline -0.004 -13"><span class='ocrx_word' id='word_1_264' title='bbox 179 3424 195 3476; x_wconf 84' lang='lat'><strong>5</strong></span> <span class='ocrx_word' id='word_1_265' title='bbox 213 3423 332 3473; x_wconf 83' lang='lat' dir='ltr'>tesaurus</span> <span class='ocrx_word' id='word_1_266' title='bbox 355 3420 386 3487; x_wconf 86' lang='lat' dir='ltr'>V,</span> <span class='ocrx_word' id='word_1_267' title='bbox 402 3417 562 3486; x_wconf 87' lang='lat' dir='ltr'>thesaur(us)</span> <span class='ocrx_word' id='word_1_268' title='bbox 581 3416 622 3471; x_wconf 89' lang='lat' dir='ltr'>P¹</span> <span class='ocrx_word' id='word_1_269' title='bbox 633 3435 665 3471; x_wconf 82' lang='lat' dir='ltr'>m</span> <span class='ocrx_word' id='word_1_270' title='bbox 676 3434 729 3471; x_wconf 85' lang='lat' dir='ltr'>ras.</span> <span class='ocrx_word' id='word_1_271' title='bbox 816 3418 833 3470; x_wconf 86' lang='lat'><strong>6</strong></span> <span class='ocrx_word' id='word_1_272' title='bbox 851 3416 952 3470; x_wconf 83' lang='lat' dir='ltr'>sterelia</span> <span class='ocrx_word' id='word_1_273' title='bbox 976 3418 1012 3470; x_wconf 92' lang='lat' dir='ltr'><em>W</em></span> <span class='ocrx_word' id='word_1_274' title='bbox 1088 3418 1104 3470; x_wconf 75' lang='lat'><strong>7</strong></span> <span class='ocrx_word' id='word_1_275' title='bbox 1123 3414 1305 3469; x_wconf 79' lang='lat' dir='ltr'>effocauerunt</span> 
     </span>
    </p>
   </div>
   <div class='ocr_carea' id='block_1_6' title="bbox 177 3500 1305 4264">
    <p class='ocr_par' dir='ltr' id='par_1_8' title="bbox 177 3500 1305 4264">
     <span class='ocr_line' id='line_1_30' title="bbox 179 3500 1302 3575; baseline -0.004 -15"><span class='ocrx_word' id='word_1_276' title='bbox 179 3504 411 3575; x_wconf 65' lang='lat' dir='ltr'>ennodium,</span> <span class='ocrx_word' id='word_1_277' title='bbox 430 3503 610 3559; x_wconf 81' lang='lat' dir='ltr'>effoeauerunt</span> <span class='ocrx_word' id='word_1_278' title='bbox 627 3504 654 3557; x_wconf 94' lang='lat' dir='ltr'><strong><em>P</em></strong></span> <span class='ocrx_word' id='word_1_279' title='bbox 706 3506 722 3559; x_wconf 92' lang='lat'><em>8</em></span> <span class='ocrx_word' id='word_1_280' title='bbox 740 3503 768 3555; x_wconf 91' lang='lat' dir='ltr'>iu</span> <span class='ocrx_word' id='word_1_281' title='bbox 785 3501 952 3556; x_wconf 80' lang='lat' dir='ltr'>firmamenta</span> <span class='ocrx_word' id='word_1_282' title='bbox 972 3503 1006 3557; x_wconf 83' lang='lat' dir='ltr'>S:</span> <span class='ocrx_word' id='word_1_283' title='bbox 1023 3500 1128 3555; x_wconf 87' lang='lat' dir='ltr'>infirme</span> <span class='ocrx_word' id='word_1_284' title='bbox 1147 3507 1192 3556; x_wconf 79' lang='lat' dir='ltr'>cet.</span> <span class='ocrx_word' id='word_1_285' title='bbox 1206 3507 1230 3554; x_wconf 79' lang='lat' dir='ltr'>et</span> <span class='ocrx_word' id='word_1_286' title='bbox 1242 3502 1302 3555; x_wconf 78' lang='lat' dir='ltr'>edd.</span> 
     </span>
     <span class='ocr_line' id='line_1_31' title="bbox 178 3588 1305 3660; baseline -0.006 -12"><span class='ocrx_word' id='word_1_287' title='bbox 178 3591 381 3659; x_wconf 82' lang='lat' dir='ltr'>9sequerimini</span> <span class='ocrx_word' id='word_1_288' title='bbox 399 3592 426 3645; x_wconf 94' lang='lat' dir='ltr'><strong><em>P</em></strong></span> <span class='ocrx_word' id='word_1_289' title='bbox 484 3594 605 3660; x_wconf 87' lang='lat' dir='ltr'>et-post</span> <span class='ocrx_word' id='word_1_290' title='bbox 622 3605 682 3643; x_wconf 90' lang='lat' dir='ltr'>eum</span> <span class='ocrx_word' id='word_1_291' title='bbox 700 3607 751 3645; x_wconf 85' lang='lat' dir='ltr'>um.</span> <span class='ocrx_word' id='word_1_292' title='bbox 765 3588 838 3643; x_wconf 86' lang='lat' dir='ltr'>HW</span> <span class='ocrx_word' id='word_1_293' title='bbox 894 3591 922 3643; x_wconf 91' lang='lat' dir='ltr'>ll</span> <span class='ocrx_word' id='word_1_294' title='bbox 945 3591 1052 3641; x_wconf 85' lang='lat' dir='ltr'>narrent</span> <span class='ocrx_word' id='word_1_295' title='bbox 1072 3588 1102 3656; x_wconf 74' lang='lat' dir='ltr'>(l,</span> <span class='ocrx_word' id='word_1_296' title='bbox 1120 3592 1259 3641; x_wconf 80' lang='lat' dir='ltr'>enarreent</span> <span class='ocrx_word' id='word_1_297' title='bbox 1278 3588 1305 3641; x_wconf 89' lang='lat' dir='ltr'><strong><em>P</em></strong></span> 
     </span>
     <span class='ocr_line' id='line_1_32' title="bbox 180 3675 1303 3748; baseline -0.004 -14"><span class='ocrx_word' id='word_1_298' title='bbox 180 3677 401 3748; x_wconf 68' lang='lat' dir='ltr'>inperfectorum</span> <span class='ocrx_word' id='word_1_299' title='bbox 421 3679 444 3735; x_wconf 82' lang='lat' dir='ltr'><strong><em>S</em></strong></span> <span class='ocrx_word' id='word_1_300' title='bbox 520 3679 553 3733; x_wconf 83' lang='lat'>13</span> <span class='ocrx_word' id='word_1_301' title='bbox 571 3676 753 3744; x_wconf 79' lang='lat' dir='ltr'>despeetcmm</span> <span class='ocrx_word' id='word_1_302' title='bbox 775 3675 914 3731; x_wconf 79' lang='lat' dir='ltr'>OHMmo</span> <span class='ocrx_word' id='word_1_303' title='bbox 985 3676 1015 3728; x_wconf 79' lang='lat' dir='ltr'>ll</span> <span class='ocrx_word' id='word_1_304' title='bbox 1034 3676 1132 3727; x_wconf 86' lang='lat' dir='ltr'>terram</span> <span class='ocrx_word' id='word_1_305' title='bbox 1150 3689 1255 3727; x_wconf 87' lang='lat' dir='ltr'>omnem</span> <span class='ocrx_word' id='word_1_306' title='bbox 1276 3675 1303 3729; x_wconf 85' lang='lat' dir='ltr'><em>G</em></span> 
     </span>
     <span class='ocr_line' id='line_1_33' title="bbox 179 3758 1302 3831; baseline -0.004 -14"><span class='ocrx_word' id='word_1_307' title='bbox 179 3763 312 3819; x_wconf 87' lang='lat' dir='ltr'>eadensB</span> <span class='ocrx_word' id='word_1_308' title='bbox 365 3766 397 3818; x_wconf 83' lang='lat'>15</span> <span class='ocrx_word' id='word_1_309' title='bbox 414 3762 635 3817; x_wconf 83' lang='lat' dir='ltr'>lune-scientiae</span> <span class='ocrx_word' id='word_1_310' title='bbox 652 3763 715 3818; x_wconf 78' lang='lat' dir='ltr'>aad.</span> <span class='ocrx_word' id='word_1_311' title='bbox 733 3761 875 3831; x_wconf 68' lang='lat' dir='ltr'>V‘s&#39;cmy.</span> <span class='ocrx_word' id='word_1_312' title='bbox 928 3759 1030 3829; x_wconf 87' lang='lat' dir='ltr'>lucens]</span> <span class='ocrx_word' id='word_1_313' title='bbox 1048 3758 1163 3814; x_wconf 86' lang='lat' dir='ltr'>candens</span> <span class='ocrx_word' id='word_1_314' title='bbox 1177 3760 1203 3814; x_wconf 84' lang='lat' dir='ltr'><em>G</em></span> <span class='ocrx_word' id='word_1_315' title='bbox 1255 3776 1302 3812; x_wconf 85' lang='lat' dir='ltr'>en·</span> 
     </span>
     <span class='ocr_line' id='line_1_34' title="bbox 178 3846 1301 3919; baseline -0.003 -16"><span class='ocrx_word' id='word_1_316' title='bbox 178 3851 284 3904; x_wconf 83' lang='lat' dir='ltr'>nuntiat</span> <span class='ocrx_word' id='word_1_317' title='bbox 304 3851 330 3902; x_wconf 88' lang='lat' dir='ltr'><strong><em>V</em></strong></span> <span class='ocrx_word' id='word_1_318' title='bbox 433 3853 464 3906; x_wconf 88' lang='grc'>16</span> <span class='ocrx_word' id='word_1_319' title='bbox 487 3849 558 3904; x_wconf 83' lang='grc' dir='ltr'>ιιοιιί</span> <span class='ocrx_word' id='word_1_320' title='bbox 579 3849 738 3919; x_wconf 78' lang='lat' dir='ltr'>lucent-p.</span> <span class='ocrx_word' id='word_1_321' title='bbox 751 3852 811 3917; x_wconf 73' lang='lat'><strong><em>374,</em></strong></span> <span class='ocrx_word' id='word_1_322' title='bbox 827 3853 862 3903; x_wconf 83' lang='lat'>25</span> <span class='ocrx_word' id='word_1_323' title='bbox 880 3850 978 3901; x_wconf 84' lang='lat' dir='ltr'>terram</span> <span class='ocrx_word' id='word_1_324' title='bbox 997 3865 1046 3900; x_wconf 72' lang='lat' dir='ltr'>cce</span> <span class='ocrx_word' id='word_1_325' title='bbox 1064 3846 1099 3916; x_wconf 77' lang='lat' dir='ltr'>Q;</span> <span class='ocrx_word' id='word_1_326' title='bbox 1121 3864 1154 3901; x_wconf 86' lang='lat' dir='ltr'>m.</span> <span class='ocrx_word' id='word_1_327' title='bbox 1167 3850 1185 3900; x_wconf 87' lang='grc'><em>3</em></span> <span class='ocrx_word' id='word_1_328' title='bbox 1200 3848 1232 3900; x_wconf 78' lang='lat' dir='ltr'>in</span> <span class='ocrx_word' id='word_1_329' title='bbox 1248 3863 1301 3915; x_wconf 76' lang='lat' dir='ltr'>my.</span> 
     </span>
     <span class='ocr_line' id='line_1_35' title="bbox 178 3931 1300 4002; baseline -0.007 -10"><span class='ocrx_word' id='word_1_330' title='bbox 178 3937 254 3992; x_wconf 77' lang='lat' dir='ltr'>add:</span> <span class='ocrx_word' id='word_1_331' title='bbox 275 3935 339 3989; x_wconf 87' lang='lat' dir='ltr'>luna</span> <span class='ocrx_word' id='word_1_332' title='bbox 360 3938 387 3987; x_wconf 90' lang='lat' dir='ltr'>et</span> <span class='ocrx_word' id='word_1_333' title='bbox 410 3934 501 3989; x_wconf 83' lang='lat' dir='ltr'>stellae</span> <span class='ocrx_word' id='word_1_334' title='bbox 523 3939 550 3990; x_wconf 86' lang='lat' dir='ltr'>et</span> <span class='ocrx_word' id='word_1_335' title='bbox 572 3938 658 3989; x_wconf 84' lang='lat' dir='ltr'>cetera</span> <span class='ocrx_word' id='word_1_336' title='bbox 680 3935 815 4002; x_wconf 83' lang='lat' dir='ltr'>sequeutia</span> <span class='ocrx_word' id='word_1_337' title='bbox 836 3950 892 4001; x_wconf 90' lang='lat' dir='ltr'>usq.</span> <span class='ocrx_word' id='word_1_338' title='bbox 912 3933 1023 3986; x_wconf 81' lang='lat' dir='ltr'>materia</span> <span class='ocrx_word' id='word_1_339' title='bbox 1041 3931 1120 3985; x_wconf 88' lang='lat' dir='ltr'>simul</span> <span class='ocrx_word' id='word_1_340' title='bbox 1209 3934 1240 3986; x_wconf 86' lang='lat' dir='ltr'>l‘l</span> <span class='ocrx_word' id='word_1_341' title='bbox 1259 3932 1300 3984; x_wconf 90' lang='lat' dir='ltr'>in-</span> 
     </span>
     <span class='ocr_line' id='line_1_36' title="bbox 177 4017 1301 4091; baseline -0.007 -13"><span class='ocrx_word' id='word_1_342' title='bbox 177 4024 291 4078; x_wconf 90' lang='lat' dir='ltr'>luminet</span> <span class='ocrx_word' id='word_1_343' title='bbox 309 4024 345 4077; x_wconf 80' lang='lat' dir='ltr'><em>M</em></span> <span class='ocrx_word' id='word_1_344' title='bbox 410 4021 517 4076; x_wconf 87' lang='lat' dir='ltr'>modulo</span> <span class='ocrx_word' id='word_1_345' title='bbox 535 4021 589 4089; x_wconf 90' lang='lat' dir='ltr'>(ulo</span> <span class='ocrx_word' id='word_1_346' title='bbox 607 4024 639 4076; x_wconf 79' lang='lat' dir='ltr'>in</span> <span class='ocrx_word' id='word_1_347' title='bbox 655 4021 768 4091; x_wconf 75' lang='lat' dir='ltr'>ruell&#39;</span> <span class='ocrx_word' id='word_1_348' title='bbox 824 4024 855 4076; x_wconf 88' lang='lat'>19</span> <span class='ocrx_word' id='word_1_349' title='bbox 873 4031 952 4073; x_wconf 83' lang='lat' dir='ltr'>sunus</span> <span class='ocrx_word' id='word_1_350' title='bbox 970 4018 1002 4072; x_wconf 91' lang='lat' dir='ltr'>de</span> <span class='ocrx_word' id='word_1_351' title='bbox 1020 4017 1138 4073; x_wconf 85' lang='lat' dir='ltr'>caaluV</span> <span class='ocrx_word' id='word_1_352' title='bbox 1187 4018 1301 4071; x_wconf 84' lang='lat' dir='ltr'>ferretur</span> 
     </span>
     <span class='ocr_line' id='line_1_37' title="bbox 178 4103 1301 4180; baseline -0.007 -15"><span class='ocrx_word' id='word_1_353' title='bbox 178 4110 268 4180; x_wconf 84' lang='lat' dir='ltr'>flatus]</span> <span class='ocrx_word' id='word_1_354' title='bbox 287 4109 427 4163; x_wconf 81' lang='lat' dir='ltr'>decurrens</span> <span class='ocrx_word' id='word_1_355' title='bbox 445 4104 489 4176; x_wconf 62' lang='grc' dir='ltr'>εἷς</span> <span class='ocrx_word' id='word_1_356' title='bbox 505 4108 534 4176; x_wconf 83' lang='grc'>0,</span> <span class='ocrx_word' id='word_1_357' title='bbox 553 4108 693 4162; x_wconf 86' lang='lat' dir='ltr'>decurrens</span> <span class='ocrx_word' id='word_1_358' title='bbox 705 4107 749 4177; x_wconf 54' lang='lat' dir='ltr'>siis</span> <span class='ocrx_word' id='word_1_359' title='bbox 761 4107 901 4161; x_wconf 87' lang='lat' dir='ltr'>uehemens</span> <span class='ocrx_word' id='word_1_360' title='bbox 917 4106 1030 4159; x_wconf 81' lang='lat' dir='ltr'>ferretur</span> <span class='ocrx_word' id='word_1_361' title='bbox 1041 4105 1120 4159; x_wconf 85' lang='lat' dir='ltr'>flatus</span> <span class='ocrx_word' id='word_1_362' title='bbox 1132 4107 1165 4160; x_wconf 88' lang='lat' dir='ltr'><strong><em>H</em></strong></span> <span class='ocrx_word' id='word_1_363' title='bbox 1210 4107 1247 4160; x_wconf 77' lang='lat'>20</span> <span class='ocrx_word' id='word_1_364' title='bbox 1260 4103 1301 4158; x_wconf 90' lang='lat' dir='ltr'>di·</span> 
     </span>
     <span class='ocr_line' id='line_1_38' title="bbox 179 4195 764 4264; baseline -0.007 -12"><span class='ocrx_word' id='word_1_365' title='bbox 179 4198 250 4252; x_wconf 85' lang='lat' dir='ltr'>uisae</span> <span class='ocrx_word' id='word_1_366' title='bbox 268 4198 305 4264; x_wconf 88' lang='lat' dir='ltr'>(ui</span> <span class='ocrx_word' id='word_1_367' title='bbox 324 4200 354 4251; x_wconf 74' lang='lat' dir='ltr'>isi</span> <span class='ocrx_word' id='word_1_368' title='bbox 372 4196 466 4263; x_wconf 74' lang='lat' dir='ltr'>litura)</span> <span class='ocrx_word' id='word_1_369' title='bbox 485 4197 508 4249; x_wconf 83' lang='lat' dir='ltr'><em>S</em></span> <span class='ocrx_word' id='word_1_370' title='bbox 557 4198 590 4251; x_wconf 80' lang='lat'>22</span> <span class='ocrx_word' id='word_1_371' title='bbox 608 4195 710 4249; x_wconf 89' lang='lat' dir='ltr'>lumina</span> <span class='ocrx_word' id='word_1_372' title='bbox 729 4196 764 4249; x_wconf 85' lang='grc' dir='ltr'><em>Μ</em></span> 
     </span>
    </p>
   </div>
   <div class='ocr_carea' id='block_1_7' title="bbox 0 0 1452 4688">
    <p class='ocr_par' dir='ltr' id='par_1_9' title="bbox 0 0 1452 4688">
     <span class='ocr_line' id='line_1_39' title="bbox 0 0 1452 4688; baseline 0 2"><span class='ocrx_word' id='word_1_373' title='bbox 0 0 1452 4688; x_wconf 95' lang='lat' dir='ltr'> </span> 
     </span>
    </p>
   </div>
  </div>
 </body>
</html>
