2896 4688
165 304 229 370 350
450 327 454 332 “
552 320 578 374 S.
593 320 700 373 Aureli
721 319 895 386 Augustini

165 495 252 559 initio
282 495 515 577 supereminens
545 494 793 577 superferebatur
823 512 914 574 super
943 511 1049 575 aquas.
1098 492 1148 556 eui
1178 494 1300 572 dicam,

166 599 440 681 quemededieam
464 597 657 679 dependere
685 597 862 680 cupiditatis
890 599 920 660 in
948 597 1112 678 abruptam
1140 594 1299 678 abyssum

165 703 261 766 etde
288 701 502 766 subleuatiene
533 700 670 764 caritatis
697 700 920 784 perspiritum
947 704 1048 779 tuum,
1077 700 1131 782 qni
1161 718 1300 783 snper·

165 806 355 870 ferebatur
370 823 480 887 super
494 806 628 885 aquas?
655 805 705 866 eui
719 804 841 867 dicam?
871 804 1023 885 quomode
1039 804 1159 867 dicam?
1191 822 1297 886 neque

166 911 248 974 emm
275 911 342 973 luca
369 912 451 987 sunt,
478 906 589 989 quibus
618 906 785 990 mergimur
808 913 839 970 et
861 908 1059 990 emergimus.
1104 907 1177 989 quid
1206 908 1297 971 simi·
1335 933 1348 972 s

165 1015 224 1079 lius
248 1013 371 1096 etquid
394 1012 596 1076 dissimilius?
640 1012 770 1076 effeetus
798 1017 880 1091 sunt,
908 1030 1028 1076 amares
1056 1016 1138 1090 sunt,
1165 1013 1297 1076 inmun-

165 1118 240 1183 ditia
261 1118 387 1201 spiritus
410 1117 507 1181 nestri
535 1115 672 1182 defluens
700 1116 827 1179 inferius
858 1134 961 1180 amore
989 1133 1132 1180 curarum
1160 1118 1191 1178 et
1220 1134 1296 1179 san·

166 1225 255 1286 ntitas
278 1222 322 1285 tui
344 1222 489 1285 attollens
512 1240 567 1285 nes
591 1221 731 1302 superius
760 1238 863 1284 amere
891 1220 1075 1299 securitatis,
1103 1226 1137 1283 ut
1163 1238 1293 1284 sursum

166 1344 217 1389 eur
232 1325 401 1389 habeamus
417 1325 456 1388 ad
471 1328 512 1404 te,
533 1324 585 1388 ubi
602 1325 755 1406 spiritus
770 1328 842 1387 tuus
858 1324 1164 1407 superierebatur
1179 1342 1295 1407 super

166 1448 293 1510 aquas,
317 1435 348 1494 et
374 1430 536 1492 ueniamus
564 1428 608 1493 ad,
629 1428 911 1510 supereminentem
941 1428 1089 1514 requiem,
1118 1445 1190 1491 eum
1221 1447 1294 1510 per·
1322 1452 1346 1490 ιο

167 1535 323 1598 transierit
337 1534 459 1597 anima
475 1536 603 1596 nestra
619 1550 745 1613 aquas,
767 1549 857 1612 quae
873 1536 957 1596 sunt
973 1531 1050 1595 sine
1065 1530 1291 1595 substantia.

115 1647 132 1699 9
210 1637 296 1701 VIII.
320 1636 454 1701 Defluin
475 1637 615 1719 angelus,
646 1634 773 1699 defluxit
800 1635 903 1698 anIma
924 1634 1057 1699 beminis
1081 1638 1111 1697 et
1132 1634 1294 1699 indicaue-

166 1744 240 1805 runt
261 1741 408 1822 abyssum
434 1740 597 1803 uuiuersae
625 1737 772 1821 spiritalis
799 1744 956 1803 creaturae
979 1740 1010 1801 in
1033 1738 1183 1819 profundo
1205 1743 1294 1803 tene·

168 1844 270 1922 breso,
299 1843 358 1906 nisi
384 1843 513 1907 dixisses
543 1842 580 1906 ab
604 1842 705 1905 initia:
734 1842 802 1905 fiat
827 1842 901 1919 lux,
930 1847 965 1905 et
986 1842 1086 1910 faeta
1107 1846 1190 1906 esset
1216 1842 1293 1920 lux,

168 1953 199 2012 et
220 1947 393 2010 inhaereret
416 1944 474 2009 tibi
495 1946 596 2010 omnis
623 1944 787 2009 oboediens
814 1946 1025 2028 intellegentia
1050 1946 1191 2010 caelestis
1214 1946 1293 2010 niui-
1321 1969 1346 2009 n

168 2052 240 2115 tatis
260 2056 332 2115 tuae
351 2056 383 2115 et
402 2051 609 2132 requiesceret
630 2051 660 2113 in
682 2050 791 2133 spiritu
812 2046 875 2128 tue,
898 2050 950 2130 qui
969 2050 1160 2132 superfertur
1182 2050 1291 2114 ineen-

168 2154 359 2219 mutabiliter
382 2173 473 2239 super
496 2172 587 2218 omne
610 2154 769 2218 mutabile.
816 2153 949 2234 alioquin
973 2158 1004 2217 et
1022 2155 1123 2235 ipsum
1147 2154 1291 2218 eaelum

168 2259 261 2322 eaeli
288 2258 452 2324 tenebrosa
479 2258 609 2342 abyssus
638 2263 719 2322 esset
746 2258 777 2321 in
805 2276 853 2329 se;
884 2275 978 2321 nune
1004 2261 1127 2321 autem
1153 2257 1213 2321 lux
1242 2262 1292 2322 est

168 2362 204 2425 in
227 2362 379 2426 demine.
425 2380 497 2425 nam
521 2363 604 2426 etin
627 2363 695 2445 ipsa
717 2362 830 2424 misera
851 2361 1060 2441 inquietudine
1088 2360 1289 2425 defluentium

168 2467 331 2548 spirituum
354 2470 385 2529 et
407 2466 608 2530 indicantium
637 2465 781 2530 tenebras
804 2483 875 2528 suas
899 2464 1029 2528 nudatas
1053 2467 1138 2529 ueste
1160 2465 1289 2528 luminIs
1317 2496 1345 2535 η

168 2571 213 2632 tui
234 2571 310 2632 satis
330 2570 476 2648 ostendis,
496 2588 592 2651 quam
612 2586 757 2650 magnam
778 2567 960 2631 rationalem
980 2572 1153 2632 ereaturam
1168 2568 1290 2646 feraria,

168 2673 218 2735 eui
239 2673 322 2736 nullo
346 2672 435 2736 medo
459 2672 572 2737 suffieit
592 2669 775 2735 adhesum
797 2672 944 2753 requiem,
967 2672 1115 2754 quidquid
1135 2676 1165 2735 te
1185 2673 1290 2736 minus

169 2779 225 2855 est,
249 2794 284 2844 aa
307 2795 360 2858 per
382 2776 439 2840 hee
462 2795 518 2840 nee
541 2777 608 2859 ipsa
630 2775 697 2840 sibi.
732 2780 765 2839 tu
788 2777 880 2855 enim,
911 2777 998 2840 deus
1022 2780 1136 2856 nester,
1164 2776 1291 2840 inlumi-

169 2879 256 2944 nabis
280 2880 452 2944 tenebras
475 2886 609 2945 nestras:
637 2900 673 2944 ex
694 2885 725 2946 te
748 2880 888 2945 oriuntur
911 2880 1097 2944 uestimenta
1119 2885 1235 2960 nestra,
1260 2885 1292 2944 et

168 2984 342 3048 tenebrae
369 2987 492 3048 nestrae
519 2985 616 3048 sieut
642 2985 814 3049 meridies
841 2990 940 3048 erunt.
985 2983 1025 3048 da
1047 2983 1121 3047 mibi
1143 2988 1185 3063 te,
1213 2984 1290 3050 deus
1317 3011 1346 3052 es

273 3251 486 3319 111Ps.123,5.
541 3251 740 3321 inrepens.
788 3250 1001 3318 arpennas.
1056 3251 1292 3319 supeream.

214 3514 224 3564 I
246 3509 280 3572 (et
297 3510 323 3577 4)
341 3525 419 3578 super
437 3466 518 3576 aquis
530 3511 607 3574 (cerr.
621 3527 654 3563 sn.
667 3510 695 3575 2)
707 3510 743 3563 Μ
791 3511 807 3562 4
826 3507 920 3578 neque]
934 3509 1079 3577 mergimur
1093 3513 1120 3563 et
1132 3509 1293 3577 emergimus

170 3611 251 3662 neque
271 3582 400 3666 131²an
452 3594 555 3663 blora]
574 3595 601 3648 iu
619 3594 718 3650 loeoS
768 3595 912 3662 mergImur
931 3595 1159 3664 (enuemnP
1209 3612 1293 3650 eurar-

169 3681 268 3750 gimus]
288 3683 431 3750 mergimus
453 3683 482 3746 V,
501 3687 527 3735 te
547 3682 689 3749 mergimus
708 3682 745 3735 W
812 3681 995 3737 ‘isauetitatis
1015 3682 1155 3752 anw-
1211 3687 1228 3739 8
1246 3686 1295 3737 tua

175 3776 236 3839 We,
255 3779 313 3829 tuae
332 3775 529 3846 BMPQfisst
546 3778 586 3829 tui
608 3775 754 3846 Quepost
825 3793 915 3830 susum
939 3775 1045 3833 O’SV¹
1106 3779 1295 3834 eborones

169 3856 296 3941 eratne
315 3890 348 3942 m
432 3889 477 3957 ιι]
496 3906 511 3942 a
530 3890 574 3943 m
629 3890 632 3894 ·
663 3887 825 3957 superfertur
841 3889 1184 3961 annnorpvsreea„
1201 3906 1294 3961 super-

171 3984 326 4038 ferreturG
382 3987 412 4038 13
430 3983 561 4053 spiritales
580 3987 603 4050 (e
621 4002 653 4038 en
671 3984 678 4037 i
698 3986 776 4050 corr.)
792 3985 825 4038 H
874 3984 1046 4054 profundari
1098 3989 1130 4042 14
1146 3984 1243 4041 dixism
1259 3987 1299 4042 W

170 4078 209 4124 est
228 4070 433 4138 BCGMPQW
484 4075 515 4125 15
534 4071 728 4137 intellegentiae
744 4072 777 4125 Η
829 4074 859 4126 16
876 4071 1132 4141 superferebaturo
1184 4075 1215 4128 l'i
1234 4089 1294 4127 mn·

170 4159 249 4212 tubile
268 4176 318 4213 om.
337 4159 359 4209 V
375 4160 463 4225 spano
482 4176 568 4211 ancaeo
585 4160 678 4213 relicto
741 4161 771 4212 19
789 4157 816 4211 in
834 4175 883 4212 em.
900 4156 1036 4226 BGPQV
1092 4159 1124 4215 al
1144 4161 1329 4221 omnnem,

171 4246 324 4299 renouatum
343 4247 389 4298 ban
440 4247 474 4298 22
492 4244 547 4312 eui]
568 4245 645 4298 cuv
693 4244 756 4311 quid
776 4245 808 4299 Η
857 4245 891 4300 23
907 4259 955 4298 nea
972 4246 1072 4301 aas]
1121 4243 1185 4316 ribi]
1202 4245 1294 4314 ipsiu
