2896 4688
611 272 788 330 Praelatio.
1205 261 1262 322 VII

144 454 306 540 primariae
324 453 498 536 'scripturae
520 449 653 533 uestigia
674 449 706 513 in
728 449 885 514 nonnullis
910 450 1032 534 paginis
1051 450 1102 515 uel
1121 451 1261 516 uersibus

145 562 195 624 uir
218 560 394 641 emergant3
416 555 503 618 uelut
524 553 633 618 folium
655 551 711 615 542
733 551 787 636 (X,
803 550 861 634 ¹22,
884 550 926 614 32
941 553 1023 639 sqq.)
1045 554 1131 639 nigro
1146 555 1263 636 liquoto

144 663 316 745 superfuso,
338 664 374 724 nt
388 658 554 724 Lorenzins
576 656 752 735 arbitratur,
775 656 819 720 ita
841 655 1039 721 obscuratum
1061 661 1119 738 est,
1142 659 1264 741 utquid

145 787 163 832 a
191 765 316 831 librario
345 763 493 845 seriptum
523 762 562 825 sit
591 777 824 843 nonnumquam
857 779 947 844 aegre
981 763 1123 846 cognosci
1155 757 1283 846 possib

145 870 298 934 interdum
328 867 421 931 etiam
454 864 635 929 membrano
666 867 810 946 corrupta
842 865 892 928 nel
924 865 1079 947 perforata
1111 866 1262 948 quaedam

145 973 264 1037 litterae
294 971 471 1035 exciderunt
499 968 549 1032 nel
580 970 782 1048 enannerunt,
813 968 893 1050 quod
926 968 1111 1052 ubicumque
1145 971 1262 1034 fautum

146 1082 194 1141 est
215 1076 247 1140 in
269 1078 418 1159 apparatu
440 1073 544 1137 oritieo
567 1072 738 1137 adnotatur.

188 1179 315 1244 Librum
331 1177 553 1256 Sessorianum,
573 1179 774 1258 posteaquam
795 1179 935 1240 exaratus
952 1181 1009 1259 est,
1028 1177 1076 1242 bis
1091 1183 1260 1243 torrentum

146 1302 212 1348 esso
233 1283 296 1347 iam
317 1282 387 1346 inde
403 1280 603 1345 manifestum
619 1282 677 1359 est,
699 1279 779 1361 quod
794 1278 871 1343 aliae
887 1284 1076 1345 oorreoturae
1091 1285 1262 1347 atramento

144 1387 302 1470 pallidiore
330 1387 430 1450 laetae
459 1387 542 1463 sunt,
572 1400 643 1446 oum
666 1382 762 1447 maior
788 1400 859 1466 pars
882 1401 987 1448 earnm
1010 1385 1107 1450 multo
1131 1386 1262 1470 nigriore

144 1494 318 1555 atramento
340 1489 498 1553 oonieotae
521 1487 593 1550 sint.
617 1485 763 1550 differunt
784 1490 887 1551 antem
910 1488 989 1552 inter
1011 1507 1045 1553 se
1066 1491 1128 1553 iam
1146 1489 1205 1555 bae
1219 1509 1262 1571 re,

145 1595 227 1677 quod
240 1595 301 1658 illis
316 1594 380 1657 iere
396 1610 518 1674 semper
532 1590 701 1655 lenidensia
716 1593 867 1673 quaedam
882 1593 995 1657 menda
1009 1593 1168 1674 tolluntur,
1190 1613 1262 1658 oum
1314 1627 1320 1640 ·

145 1697 325 1762 eorreoturis
340 1696 473 1779 nigriore
488 1698 660 1759 atramento
675 1696 822 1760 eonfeotis
838 1696 1005 1761 maximam
1020 1702 1142 1781 partem
1156 1698 1262 1778 uerba,

145 1817 222 1883 qnae
244 1798 361 1864 soribae
383 1798 503 1863 incuria
522 1799 574 1863 nel
596 1816 697 1863 errore
716 1799 797 1863 inter
815 1798 1012 1864 scribendum
1031 1801 1146 1866 omissa
1164 1806 1262 1883 orant,

145 1905 352 1989 suppleantur.
389 1903 463 1986 quin
491 1901 562 1966 illae
583 1905 783 1982 eorreoturae,
813 1920 888 1985 quas
911 1904 1067 1986 pallidiore
1091 1909 1262 1971 atramento

145 2008 273 2090 scriptas
296 2024 363 2071 esse
386 2006 457 2086 diri,
480 2005 518 2069 ab
534 2006 600 2089 ipso
615 2005 738 2070 librario
753 2023 844 2089 opere
860 2005 1001 2071 absoluto
1016 2007 1083 2072 fieri
1097 2009 1262 2092 potuerint

145 2130 206 2178 non
222 2111 347 2176 dubium
372 2128 440 2175 esse
459 2109 581 2174 uidetur
595 2109 675 2173 inter
690 2110 771 2175 uiros
787 2109 902 2191 doctos,
925 2111 978 2192 qni
992 2111 1107 2176 librum
1123 2131 1263 2191 eronsse·

144 2222 225 2281 mnt.
259 2220 363 2280 utrum
378 2219 482 2279 autem
498 2213 629 2278 alterum
644 2213 721 2277 iilud
735 2218 978 2278 oorreeturarnm
993 2234 1091 2299 genus
1107 2216 1145 2281 ab
1162 2216 1262 2282 sariba

146 2338 185 2385 an
200 2318 239 2385 ab
254 2321 314 2384 alio
329 2320 380 2383 uel
394 2319 597 2403 grammatino
613 2316 662 2381 nel
675 2317 835 2398 monacho,
850 2318 903 2400 qni
913 2317 1027 2383 librum
1039 2321 1177 2402 eontulit,
1193 2339 1263 2405 pro-

144 2425 244 2488 iectae
256 2424 328 2505 sint,
344 2441 405 2487 non
421 2426 561 2487 oonstare
576 2421 698 2485 uidetur
715 2422 796 2485 inter
807 2422 888 2487 unos
904 2422 1008 2487 dootos
1024 2424 1076 2505 qui
1091 2424 1204 2489 librum
1216 2444 1262 2490 ex·

144 2528 369 2592 aminauemnt.
392 2543 466 2590 nam
481 2544 552 2590 oum
567 2526 604 2606 is,
627 2526 680 2607 qni
694 2527 825 2607 priorem
841 2530 961 2609 partem
976 2526 1045 2592 libri
1060 2527 1112 2609 (ad
1126 2528 1179 2594 iol.
1195 2527 1262 2611 23³,

143 2632 165 2696 l.
180 2631 218 2712 V,
234 2628 268 2715 9)
291 2630 428 2711 eontulit,
458 2632 646 2694 eorreotnras
673 2629 804 2693 duarum
827 2647 976 2695 manuum
999 2630 1153 2697 discernat
1175 2650 1262 2717 aper·

144 2737 235 2818 teque
262 2735 396 2815 adnotet,
425 2734 599 2813 horonaim,
627 2734 679 2816 qni
706 2735 854 2816 reliquam
881 2733 952 2798 libri
978 2739 1098 2818 partem
1121 2737 1260 2818 eontulit,

146 2840 240 2903 etiam
261 2840 330 2903 illas
352 2841 540 2903 correcturas
562 2836 601 2902 ab
624 2838 732 2903 eodem
761 2838 862 2903 seriba
883 2837 961 2903 libro
991 2838 1132 2905 absoluto
1162 2841 1260 2904 laetas

146 2961 213 3007 esse
242 2946 364 3014 oenset3
398 2942 524 3006 alterins
554 2959 665 3006 manus
698 2961 752 3023 per
784 2947 885 3007 totum
918 2941 1033 3007 librum
1067 2961 1123 3008 neo
1157 2944 1259 3008 nolam

145 3063 291 3130 apparere
317 3064 374 3109 neo
403 3045 569 3127 uestigium
599 3045 696 3107 nllnm
725 3046 857 3126 exeeptis
880 3047 985 3130 paucis
1008 3046 1122 3111 notulis
1145 3047 1260 3130 mergi·

145 3149 278 3230 nulibus,
312 3166 391 3231 quae
424 3147 462 3212 ad
495 3151 712 3231 argumentum
746 3148 797 3211 uel
831 3167 987 3213 summam
1019 3150 1209 3231 pertinentes
1242 3168 1261 3215 a

145 3254 287 3336 quodam,
318 3253 370 3335 qui
391 3255 499 3336 postea
519 3249 635 3315 librum
661 3250 793 3335 legebat,
823 3252 945 3316 additae
975 3257 1056 3316 sunt.
1095 3253 1160 3334 ipse
1190 3271 1261 3317 oum

145 3357 223 3422 milri
246 3375 307 3422 nen
328 3357 508 3440 adrogarom
530 3354 610 3418 hane
632 3355 767 3418 uirorum
790 3354 948 3419 dootornm
971 3355 1193 3421 dissensionem
1216 3357 1262 3420 di·

145 3462 287 3540 indicare,
320 3473 426 3529 omnes
459 3461 646 3523 correcturas
675 3458 833 3540 pallidiore
862 3461 1036 3522 atramento
1069 3459 1200 3543 soriptas
1228 3461 1259 3524 in

146 3564 340 3629 adnotatione
363 3580 381 3626 a
402 3563 476 3623 ml
500 3563 551 3626 uel
574 3560 615 3624 6¹
636 3563 736 3626 iaotas
759 3576 826 3626 esse·
848 3560 1028 3646 signifioani,
1051 3563 1199 3647 nigriores
1222 3565 1259 3628 ad

146 3668 223 3732 m.2
245 3667 295 3731 nel
319 3669 525 3749 posteriorem
546 3666 596 3730 uel
618 3664 660 3727 δ’
682 3665 796 3730 rettuli.
835 3684 912 3749 quae
934 3669 1124 3731 oorreoturae
1154 3667 1219 3731 sine
1242 3685 1261 3731 a

146 3789 240 3837 manu
269 3769 384 3834 librarii
413 3770 508 3853 ipsius
538 3770 604 3834 siue
634 3768 673 3832 ab
702 3769 762 3833 alio
792 3773 960 3834 correctore
991 3771 1146 3852 proiectae
1177 3773 1259 3852 sunt,

146 3876 203 3941 hoo
232 3875 313 3939 inter
345 3873 427 3937 uiros
460 3873 574 3951 destos,
608 3873 660 3954 qni
692 3872 763 3937 huie
795 3873 872 3939 libro
905 3874 1102 3939 exscribendo
1135 3893 1259 3957 operam

147 3979 305 4058 dederunt,
328 3979 458 4057 constat,
485 3995 536 4042 eas
559 3976 666 4042 eodem
689 3977 753 4041 fore
776 3995 835 4060 quo
856 3977 935 4043 liber
957 3979 1088 4062 scriptus
1112 3984 1159 4043 ast
1181 3983 1260 4044 tem·

147 4101 219 4165 pore
240 4087 324 4148 ortas
353 4099 430 4145 esse.
467 4080 548 4147 unde
577 4080 655 4145 mihi
683 4081 807 4163 quidem
836 4081 901 4146 neri
930 4081 1030 4146 similo
1059 4084 1117 4162 est,
1145 4081 1259 4147 librum

148 4185 358 4252 Sessoriannm
380 4185 418 4249 ad
440 4184 575 4250 oodioem
597 4185 710 4267 ip‘snm,
733 4203 768 4248 er
791 4202 850 4267 qno
872 4185 1042 4268 deseriptns
1065 4189 1122 4265 est,
1148 4185 1259 4250 iterum
