2954 4650
495 303 733 356 confessionum
750 302 804 356 lib.
816 303 863 367 VI,
876 320 897 356 c.
913 306 1019 358 14-16.
1258 284 1318 348 139

196 482 323 561 raptura
345 498 395 542 me
418 479 454 541 de
478 496 573 542 caeno
597 481 629 542 et
650 477 803 558 ablutura,
831 482 862 541 et
883 477 1074 560 ignorabam.
1119 496 1175 542 uec
1198 497 1247 540 me
1270 497 1319 540 re·

196 583 327 647 uocabat
348 601 365 647 a
384 582 580 665 profundiore
600 583 797 664 uoluptatum
816 582 986 646 carnalium
1002 583 1124 665 gurgite
1140 579 1200 645 nisi
1215 586 1317 645 metus

195 687 302 751 mortis
330 691 362 750 et
386 687 482 750 futuri
505 686 607 750 indicii
630 689 685 766 tui,
716 687 769 769 qui
792 706 847 769 per
874 687 977 750 uarias
1000 671 1128 768 quidem¹
1150 685 1317 769 opiniones,

196 810 365 873 numquam
389 795 493 854 tamen
516 791 644 854 recessit
663 792 701 855 de
720 796 843 872 pectore
867 809 945 854 meo.
977 793 1007 854 et
1029 790 1224 873 disputabam
1247 807 1318 853 cum

157 923 171 962 s
197 896 303 959 amicis
320 895 397 958 meis
413 895 524 977 Alypio
544 899 575 958 et
589 893 734 960 Nebridio
754 894 791 958 de
810 894 924 959 finibus
943 895 1095 959 bonorum
1116 898 1148 958 et
1167 895 1318 958 malorum

196 1000 363 1082 Epicurum
379 1003 576 1081 accepturum
587 1000 682 1064 fuisse
696 1000 833 1083 palmam
844 1000 877 1063 in
892 1000 995 1064 animo
1009 1018 1090 1080 meo,
1106 1000 1166 1063 nisi
1181 1017 1237 1082 ego
1253 1017 1318 1062 ore-

196 1104 342 1167 didissem
355 1109 425 1186 post
437 1108 568 1167 mortem
580 1107 698 1169 rosbare
709 1104 831 1169 animae
842 1105 941 1168 uitam
954 1107 985 1169 et
996 1107 1115 1169 tractus
1127 1103 1317 1183 meritorum,

197 1208 277 1290 quod
292 1209 441 1290 Epicurus
457 1208 580 1272 credere
595 1209 702 1274 uoluit.
732 1211 765 1273 et
779 1209 975 1293 quaerebam,
998 1210 1026 1273 si
1045 1227 1184 1273 essemus
1203 1208 1319 1272 inmor-

197 1313 275 1376 tales
288 1316 319 1376 et
329 1314 361 1375 in
372 1317 522 1395 perpetua
533 1312 668 1396 corporis
684 1314 843 1396 uoluptate
859 1313 925 1378 siue
940 1313 1004 1379 ullo
1019 1312 1193 1377 amissionis
1204 1313 1319 1376 terrore

145 1444 171 1483 10
197 1417 383 1497 uiueremus,
406 1435 460 1480 our
479 1435 540 1481 non
562 1436 701 1482 essemus
720 1417 804 1482 beati
823 1420 877 1482 aut
896 1416 968 1508 quid
988 1417 1073 1482 aliud
1092 1433 1318 1499 quaereremus

196 1521 337 1584 nesciens
365 1521 397 1584 id
422 1522 526 1601 ipsum
553 1521 592 1585 ad
618 1539 765 1605 magnam
793 1522 949 1587 miseriam
976 1522 1141 1604 pertinere,
1168 1519 1249 1602 quod
1276 1520 1334 1588 ita.

197 1625 356 1688 demersus
384 1628 414 1688 et
441 1643 550 1688 caecus
578 1626 713 1709 cogitare
736 1643 797 1690 uon
819 1642 943 1708 possem
965 1625 1071 1689 lumen
1094 1624 1265 1688 honestatis
1289 1628 1320 1687 et

196 1729 293 1811 gratis
306 1727 538 1810 amplectendae
550 1729 795 1811 pulchritudiuis,
811 1748 904 1811 qnam
918 1748 979 1793 uon
994 1729 1080 1792 uidet
1095 1729 1201 1791 oculus
1217 1728 1318 1791 carnis

198 1835 229 1896 et
254 1831 377 1895 uidetur
404 1852 440 1896 ex
465 1832 584 1896 intimo.
628 1851 686 1897 uec
709 1832 942 1898 considerabam
965 1833 1069 1912 miser,
1098 1852 1134 1896 ex
1157 1850 1217 1914 qua
1238 1850 1320 1895 uena

145 1961 172 2002 n
198 1936 274 2000 mihi
297 1941 447 2017 manaret,
471 1938 551 2019 quod
573 1939 634 2001 ista
653 1938 721 2020 ipsa
740 1936 830 2001 foeda
848 1941 952 2001 tamen
973 1956 1043 2000 cum
1064 1937 1170 1999 amicis
1190 1936 1318 1999 dulciter

198 2040 394 2104 conferebam
417 2059 474 2105 nec
497 2060 565 2106 esse
587 2041 653 2105 siue
674 2041 781 2106 amicis
801 2047 939 2124 poteram
959 2039 1069 2104 beatus
1093 2041 1188 2104 etiam
1210 2057 1320 2102 secun-

198 2144 272 2208 dum
299 2164 436 2225 seusum,
466 2164 559 2228 quem
582 2148 656 2210 tunc
678 2144 834 2210 habebam
856 2143 1050 2226 quantalibet
1073 2143 1231 2208 affluentia
1253 2161 1320 2207 ear-

198 2249 317 2313 nalium
339 2250 545 2332 uoluptatum.
590 2267 666 2332 quos
693 2250 799 2332 ntique
826 2249 942 2313 amicos
964 2248 1062 2332 gratis
1084 2246 1252 2331 diligebam
1274 2246 1321 2311 ui·

197 2354 363 2434 cissimque
386 2352 489 2418 abeis
513 2373 563 2418 me
584 2353 669 2438 diligi
688 2353 784 2437 gratis
807 2352 989 2418 sentiebam.
1021 2354 1214 2417 ctortuosas
1237 2351 1319 2416 uiast

146 2482 173 2522 ω
198 2476 256 2522 uae
283 2460 403 2522 animae
431 2476 518 2523 meae
545 2457 662 2538 audaci,
693 2476 772 2540 quae
799 2458 944 2542 sperauit,
976 2458 1003 2521 si
1030 2476 1049 2521 a
1077 2459 1109 2521 te
1130 2455 1319 2538 recessisset,

198 2581 232 2625 se
259 2563 373 2644 aliquid
395 2563 510 2626 ,melius
538 2562 728 2626 habituram!
765 2580 856 2627 uersa
883 2566 914 2626 et
939 2579 1064 2626 reuersa
1085 2562 1118 2626 in
1139 2564 1263 2644 tergum
1286 2561 1321 2624 et

198 2666 230 2727 in
252 2666 350 2729 latera
373 2670 404 2729 et
424 2667 455 2728 in
479 2672 632 2747 uentrem,
663 2658 704 2731 et'
717 2667 793 2731 dura
820 2669 894 2732 sunt
915 2667 1029 2747 omnia,
1057 2669 1088 2730 et
1108 2668 1144 2729 tu
1165 2664 1250 2731 solus
1271 2683 1325 2742 res

304 2878 554 2949 UQMQM

243 3089 399 3158 lercptura
416 3086 646 3157 solumque,
664 3092 755 3161 erepta
770 3089 820 3145 M¹
871 3104 968 3143 cocum
985 3089 1004 3158 (i
1021 3089 1087 3157 roc.)
1104 3090 1132 3142 P
1186 3087 1320 3159 ablutura]

199 3174 321 3229 ablatura
346 3173 480 3244 0¹QSW,
502 3173 626 3228 ablutura
647 3191 689 3228 me
713 3193 763 3242 mo
829 3176 846 3231 3
867 3175 976 3244 quidam
997 3174 1028 3230 F
1091 3177 1264 3247 ⁴ilpecsstcre
1282 3177 1321 3239 H,

200 3261 277 3315 eorde
294 3262 325 3317 F
408 3261 557 3318 buibridio
576 3262 641 3331 SW,
668 3259 760 3316 nobrio
777 3264 815 3318 Μ
896 3266 1073 3331 oepyeurum
1092 3263 1160 3329 SW,
1188 3261 1322 3329 spicarum

204 3349 231 3402 V
248 3355 273 3404 et
294 3351 326 3404 ia
347 3366 397 3420 mg.
471 3348 587 3418 palmam
611 3352 781 3418 accepturum
802 3349 831 3403 iu
853 3348 930 3403 corde
953 3364 1011 3402 meo
1034 3347 1115 3402 luisse
1138 3349 1168 3402 F
1210 3347 1321 3411 ,credi-

201 3460 269 3515 disse
287 3462 317 3516 F
383 3461 573 3530 lettractus]
591 3457 721 3516 tractatus
741 3462 771 3530 0,
790 3461 938 3516 adiunctus
959 3462 1033 3517 Gin
1049 3479 1100 3531 Μ.
1170 3427 1322 3530 8opycums

200 3548 243 3616 W,
261 3549 396 3616 epicureus
418 3549 450 3617 V,
467 3564 577 3617 epcurus
595 3548 625 3603 F
687 3548 908 3617 loquuturus>
971 3563 1240 3616 ¹cur-quaereremus
1258 3549 1321 3603 add.

200 3633 248 3688 M·
266 3637 296 3688 ic
314 3652 364 3704 cap.
419 3634 476 3704 aut]
495 3638 526 3688 ut
546 3636 572 3690 V
623 3631 654 3691 12
671 3635 822 3689 honestates
844 3635 882 3690 V¹
935 3635 1078 3705 tagram]
1097 3635 1276 3703 gratissimam
1296 3636 1322 3689 G

200 3720 283 3774 uide&
300 3723 336 3789 F,
354 3720 423 3774 uidit
440 3720 540 3790 BPQb
594 3725 626 3777 14
644 3739 674 3776 ex
692 3721 755 3791 qua]
773 3722 795 3776 dr
814 3738 848 3790 qa
865 3723 896 3778 F
945 3726 976 3779 15
994 3726 1114 3776 maneret
1130 3721 1207 3776 ΒΜι
1259 3722 1320 3792 ista]

200 3811 275 3862 tanta
293 3809 326 3862 H
391 3806 481 3876 foeda]
498 3807 576 3862 laeda
594 3810 622 3874 S,
640 3808 659 3863 i.
678 3811 798 3863 manaret
815 3808 876 3879 PQ,
893 3808 912 3864 f.
931 3814 1051 3864 maneret
1067 3810 1095 3865 Β
1166 3812 1197 3864 17
1216 3825 1322 3863 sensum

199 3895 289 3964 quem]
307 3895 466 3948 senteutiam
483 3911 563 3963 quiam
581 3897 615 3949 H
663 3894 778 3950 habebat
794 3897 820 3951 V
869 3895 1044 3967 quantalibet]
1063 3897 1090 3950 iu
1109 3913 1133 3967 q.
1152 3896 1322 3952 BOFHMO

199 3981 321 4050 PQ-edd.
392 3980 517 4036 alluentia
541 3981 671 4058 GOSV„
709 3985 741 4039 18
767 3982 936 4052 uoluptatum
963 4001 1013 4039 om.
1030 3984 1057 4037 V
1118 3986 1150 4039 19
1177 3983 1320 4051 diligites*

200 4069 264 4137 (ntis
279 4068 345 4136 rao.)
363 4069 393 4123 F
441 4066 628 4125 seusiebamS
677 4070 711 4125 20
728 4085 802 4124 meae
816 4070 887 4126 SW:
903 4089 954 4126 om.
973 4069 1320 4143 BOFGHMOPQVcdd.

200 4158 231 4211 21
244 4157 279 4212 iu
297 4154 414 4224 tergum]
432 4156 566 4224 integrum
583 4155 694 4217 FMV1.
712 4157 834 4226 interga
855 4156 901 4226 0¹,
919 4157 946 4210 iu
965 4160 991 4210 tc
1013 4157 1063 4213 W¹
1143 4159 1177 4212 22
1195 4153 1321 4209 latereG
1429 4160 1430 4163 ’

200 4245 291 4295 uentm
308 4243 347 4298 W
395 4241 477 4311 solus]
495 4241 567 4295 losus
585 4243 615 4297 F
