2896 4688
179 213 220 276 86
567 225 591 277 S.
605 223 716 277 Aureli
736 223 912 291 Augustini

180 408 210 466 et
239 401 395 466 intellexi?
440 418 609 482 quaecum
633 399 832 463 contulissem
855 416 926 461 oum
950 397 1004 476 eis,
1031 400 1082 479 qui
1104 417 1139 460 so
1162 397 1312 463 dicebant

179 508 230 571 uir
261 524 313 570 ees
342 503 501 588 magistris
531 501 748 567 eruditissimis
778 518 840 567 non
868 499 1065 582 loquentibus
1094 503 1235 581 tentum,
1258 502 1312 566 sed

181 611 280 675 multe
304 610 336 674 in
363 607 491 693 pulnere
520 604 760 690 depingentibus
786 604 991 684 intellexisse,
1020 603 1098 668 nihil
1123 604 1197 668 inde
1225 605 1312 671 eliud

181 713 258 778 mihi
279 711 380 777 dicere
401 713 578 795 potnerunt,
600 727 693 790 quem
716 726 774 793 ego
795 708 879 774 solus
902 708 984 791 epud
1006 725 1056 771 me
1077 708 1182 791 ipsum
1200 709 1311 792 legens

181 832 399 900 cognouerem3
422 816 455 878 et
475 813 551 878 selis
574 816 679 896 eperte
701 812 778 877 mihi
799 810 983 876 uidebuntur
1005 810 1165 892 loquentes
1180 811 1220 875 de
1235 812 1343 878 suh-s

182 919 313 999 stendit,
346 916 437 982 sicuti
469 920 516 981 est
547 915 650 996 homo,
683 919 818 998 etquee
845 914 966 980 inillis
993 917 1107 996 essent,
1140 914 1234 980 sicuti
1264 919 1313 981 est

182 1023 282 1107 figure
306 1020 450 1101 hominis,
476 1019 577 1101 quelis
599 1019 640 1084 sit
661 1023 693 1084 et
713 1022 844 1098 stetnre,
871 1022 947 1100 quot
967 1018 1082 1102 pedum
1104 1017 1153 1099 sit,
1182 1021 1239 1084 ent
1261 1037 1313 1086 on-

182 1125 298 1211 gnetio,
330 1123 417 1189 onim
446 1122 542 1189 freter
570 1123 622 1205 sit,
655 1127 710 1188 eut
737 1122 792 1187 ubi
819 1122 860 1187 sit
886 1122 1072 1188 constitutus
1101 1126 1156 1186 ent
1185 1122 1313 1204 qnando

184 1232 286 1309 uetus,
316 1230 372 1293 ent
393 1230 456 1292 stet
477 1244 516 1292 en
537 1226 647 1293 sedeat
676 1230 731 1291 ent
759 1226 905 1291 celcietns
934 1226 985 1290 uel
1015 1228 1153 1290 ermetns
1184 1225 1228 1291 sit
1257 1231 1314 1291 eut

183 1330 298 1416 eliqnid
318 1331 413 1398 leciet
434 1335 488 1396 ent
506 1330 642 1415 petiens
661 1330 787 1412 aliquid,
811 1334 842 1394 et
856 1347 1066 1411 quencumque
1080 1329 1112 1394 in
1126 1329 1176 1394 his
1192 1347 1309 1396 nonem
1334 1355 1353 1395 e

183 1434 357 1522 generibus,
384 1453 514 1518 quornm
537 1434 672 1519 exempli·
690 1434 791 1519 gretie
816 1433 968 1516 quendem
993 1434 1091 1517 posui,
1114 1434 1164 1499 nel
1186 1434 1221 1498 in
1243 1434 1313 1519 ipsu

184 1539 377 1606 substantioe
400 1556 513 1623 genere
536 1528 773 1603 innumerabilis
794 1537 997 1621 reperiuntur.

115 1654 155 1708 ue
228 1642 307 1724 Quid
333 1642 392 1707 hoc
421 1642 494 1706 mihi
524 1641 678 1724 proderet,
708 1642 830 1723 quendo
857 1645 889 1705 et
913 1639 1029 1721 uberet,
1056 1658 1128 1704 cnm
1150 1640 1249 1707 etiem
1271 1645 1312 1723 te,

185 1747 261 1811 deus
289 1763 387 1824 mens,
414 1742 593 1809 mirebiliter
620 1744 792 1827 simplicem
819 1748 912 1826 etque
937 1743 1224 1826 inconmntebilem,
1250 1745 1313 1811 illie

186 1849 292 1912 decom
306 1845 562 1930 praedicementis
581 1851 693 1931 putens
713 1847 862 1929 quidquid
881 1851 965 1912 esset
980 1848 1104 1913 omnine
1119 1848 1313 1931 conprehen·
1336 1872 1353 1913 e

186 1968 267 2031 snm,
282 1951 327 2015 sic
346 1948 525 2034 intellegere
543 1968 680 2031 conetur,
696 1950 785 2034 qnesi
800 1953 833 2014 et
845 1954 879 2014 tn
895 1950 1068 2040 subiectum
1084 1969 1169 2016 esses
1189 1952 1314 2038 mugni-

186 2052 284 2120 tndini
299 2058 371 2119 tnec
383 2059 437 2120 ent
451 2053 682 2139 pulchritudini,
699 2057 734 2119 nt
748 2054 803 2120 illu
816 2058 921 2119 essent
934 2054 967 2119 in
981 2059 1012 2119 te
1026 2055 1116 2138 quusi
1127 2056 1158 2120 in
1172 2055 1313 2124 subiecto

186 2158 267 2224 sicut
284 2159 316 2224 in
335 2176 471 2243 corpore,
494 2177 566 2223 enm
585 2163 640 2224 tue
655 2157 835 2242 mugnitndo
859 2162 891 2222 st
912 2161 967 2222 tue
986 2158 1179 2242 pulchritudo
1194 2161 1230 2224 tn
1247 2160 1314 2244 ipse

187 2263 240 2343 sis,
261 2280 372 2347 corpus
388 2267 493 2328 entem
516 2280 577 2328 non
600 2279 636 2326 eo
651 2261 694 2326 sit
708 2278 859 2345 megnnm
874 2266 906 2326 et
919 2262 1093 2345 pulchrum,
1116 2280 1176 2344 quo
1199 2281 1315 2346 corpus

187 2349 244 2446 eet,
266 2367 339 2448 quie
360 2366 419 2431 etsi
437 2367 540 2431 minue
555 2383 703 2450 megnnm
726 2369 757 2430 et
779 2365 881 2430 minus
901 2366 1064 2449 pulchrum
1084 2370 1176 2447 esset,
1200 2366 1302 2433 nihilo
1339 2393 1353 2433 ι

188 2468 290 2532 minus
305 2486 415 2552 corpus
430 2473 522 2534 esset
560 2469 679 2534 telsites
702 2470 786 2535 enim
809 2472 885 2549 eret,
908 2487 1001 2551 quern
1023 2468 1061 2532 de
1077 2473 1109 2533 te
1123 2470 1316 2553 cogitebem,

188 2588 249 2636 non
265 2571 388 2652 ueritus,
408 2575 439 2636 ot
453 2570 602 2655 tigmente
617 2573 758 2638 miseriee
773 2589 871 2653 mese,
891 2589 952 2637 non
968 2571 1165 2637 firmemente
1178 2572 1316 2639 tentitu-

188 2673 267 2738 dinis
283 2678 363 2739 tuec.
397 2675 529 2740 iussores
546 2677 629 2741 enim
644 2680 676 2741 st
690 2677 734 2741 itu
747 2675 842 2741 hebet
855 2677 886 2741 in
903 2695 962 2757 mo,
983 2680 1018 2740 ut
1032 2680 1115 2740 terre
1129 2677 1256 2759 spinee
1277 2681 1317 2742 et

187 2776 346 2842 tribulos
357 2782 480 2862 peroret
490 2779 565 2845 mihi
577 2783 609 2844 et
619 2798 690 2844 enm
701 2779 806 2845 leboro
817 2780 1185 2865 perueniremedpenem
1195 2798 1314 2847 meum.

289 2914 335 2985 23]
354 2913 418 2970 Gen.
431 2916 455 2981 3,
469 2918 502 2973 18
514 2932 552 2986 sq.

233 3011 436 3093 rnenentn
483 3027 523 3098 u]
541 3045 591 3084 oe.
605 3027 651 3083 11¹
705 2986 1059 3098 credemusne
1109 3026 1273 3097 opuntem
1292 3030 1321 3086 ν

189 3111 411 3182 depingnentrhuu
433 3114 463 3169 F
528 3115 877 3185 separatumque*
942 3114 1008 3169 mihi
1026 3117 1115 3185 aperte
1138 3115 1175 3170 Μ
1240 3115 1315 3170 uide·

188 3198 268 3254 betur
288 3197 324 3256 0²
376 3199 555 3257 deientBF
611 3202 680 3255 esset
699 3201 761 3257 SW
819 3201 892 3271 tet]
910 3202 1002 3258 om.0
1054 3200 1123 3270 quod
1145 3200 1314 3258 0¹F¹11²u¹

188 3311 294 3367 meu
341 3310 831 3382 eucpeencnenuor’orueou.
884 3273 1030 3382 ontio
1046 3313 1159 3382 eope
1208 3313 1316 3369 suem

189 3397 235 3466 en]
254 3401 301 3451 eut
317 3397 595 3467 summoveo
647 3396 703 3468 nel]
721 3401 769 3452 eut
788 3399 851 3454 GM
898 3398 946 3468 eit]
964 3401 1055 3455 oetd'
1113 3399 1263 3469 ropetitur
1281 3401 1320 3456 Μ

190 3484 220 3538 11
240 3482 327 3553 poeni]
344 3484 428 3552 gretie
444 3499 470 3553 p.
483 3482 564 3553 BPQ
617 3486 648 3540 13
666 3483 747 3552 prode
765 3486 864 3553 eret?
913 3487 946 3542 14
964 3485 1054 3539 decem
1072 3484 1175 3541 illisu!
1224 3488 1255 3541 15
1268 3486 1315 3540 de·

189 3567 241 3622 cim
256 3567 304 3624 W²
355 3584 411 3623 esee
424 3568 488 3625 VW
538 3572 571 3627 16
580 3569 727 3625 subiectum
739 3571 773 3627 S:
783 3570 917 3625 subiectue
927 3570 1245 3641 BGFGHMOPQVW
1253 3573 1313 3628 cdd.

190 3652 348 3722 magitudini
366 3655 406 3710 P¹
456 3657 491 3759 Ι17
509 3654 687 3725 pulhritudini
705 3656 735 3711 F
784 3656 825 3726 nt]
842 3659 890 3711 eut
904 3659 941 3713 W
990 3661 1143 3712 ut-essent
1160 3658 1247 3713 B¹iu
1258 3677 1313 3715 ree.

189 3763 264 3819 illem
288 3766 318 3820 F
391 3782 457 3836 ques
478 3767 495 3835 (¹
514 3768 665 3837 udd.m.3)
686 3770 721 3825 Η
788 3773 821 3827 18
838 3769 878 3838 in]
896 3771 1004 3826 eresV
1067 3789 1112 3840 pr.
1131 3774 1182 3830 tue.
1200 3771 1228 3839 (e
1247 3787 1315 3826 exo

189 3850 268 3918 corr.)
286 3850 317 3906 F
380 3854 408 3906 et
429 3855 477 3907 tue
498 3852 667 3923 pulchritudo
689 3873 740 3912 om.
753 3856 817 3912 SW
884 3859 915 3912 19
938 3856 1102 3926 qno]qu
1167 3856 1268 3926 uorp'pq
1287 3858 1314 3914 θ

189 3937 224 3991 20
240 3938 287 3992 ult.
306 3936 411 4009 minus}
424 3938 503 3994 nimis
519 3942 561 4008 W,
578 3941 601 3995 si
619 3941 751 4012 minuuQ
811 3941 996 4013 nihilominus]
1010 3959 1086 4014 pun
1103 3961 1136 4000 ex
1153 3959 1181 3997 m
1198 3961 1264 4000 oon.
1282 3944 1314 4012 V,

190 4020 381 4078 nihilhominus
398 4026 487 4081 [ΡΨ
552 4029 586 4083 23
603 4027 716 4083 insueret
737 4029 763 4083 V
822 4027 921 4084 fleebet
937 4029 966 4099 (g
983 4030 1047 4097 ras.)
1066 4031 1102 4086 M
1149 4032 1183 4086 24
1201 4028 1314 4097 tubulos

190 4135 575 4210 ecrnsnonovueuo.
653 4107 833 4212 peruene's
