<?xml version="1.0" encoding="UTF-8"?>
<!DOCTYPE html PUBLIC "-//W3C//DTD XHTML 1.0 Transitional//EN"
    "http://www.w3.org/TR/xhtml1/DTD/xhtml1-transitional.dtd">
<html xmlns="http://www.w3.org/1999/xhtml" xml:lang="en" lang="en">
 <head>
  <title>
</title>
<meta http-equiv="Content-Type" content="text/html;charset=utf-8" />
  <meta name='ocr-system' content='tesseract 3.04.00' />
  <meta name='ocr-capabilities' content='ocr_page ocr_carea ocr_par ocr_line ocrx_word'/>
</head>
<body>
  <div class='ocr_page' id='page_1' title='image "./sanctiavreliavg01kngoog_0304.png"; bbox 0 0 2896 4688; ppageno 0'>
   <div class='ocr_carea' id='block_1_1' title="bbox 183 286 923 366">
    <p class='ocr_par' dir='ltr' id='par_1_1' title="bbox 183 286 923 366">
     <span class='ocr_line' id='line_1_1' title="bbox 183 286 923 366; baseline 0.001 -17"><span class='ocrx_word' id='word_1_1' title='bbox 183 286 245 349; x_wconf 78' lang='grc'><strong>262</strong></span> <span class='ocrx_word' id='word_1_2' title='bbox 575 300 599 351; x_wconf 87' lang='lat' dir='ltr'><strong>S.</strong></span> <span class='ocrx_word' id='word_1_3' title='bbox 615 298 727 352; x_wconf 81' lang='lat' dir='ltr'><strong>Aureli</strong></span> <span class='ocrx_word' id='word_1_4' title='bbox 746 298 923 366; x_wconf 75' lang='lat' dir='ltr'><strong>Augustini</strong></span> 
     </span>
    </p>
   </div>
   <div class='ocr_carea' id='block_1_2' title="bbox 110 473 1367 3151">
    <p class='ocr_par' dir='ltr' id='par_1_2' title="bbox 182 473 1362 970">
     <span class='ocr_line' id='line_1_2' title="bbox 182 473 1323 556; baseline -0.002 -16"><span class='ocrx_word' id='word_1_5' title='bbox 182 478 298 540; x_wconf 90' lang='lat' dir='ltr'><strong>lutum:</strong></span> <span class='ocrx_word' id='word_1_6' title='bbox 335 480 366 539; x_wconf 91' lang='lat' dir='ltr'><strong>et</strong></span> <span class='ocrx_word' id='word_1_7' title='bbox 399 476 462 539; x_wconf 90' lang='lat' dir='ltr'><strong>scio</strong></span> <span class='ocrx_word' id='word_1_8' title='bbox 493 474 576 538; x_wconf 77' lang='lat' dir='ltr'><strong>Esau</strong></span> <span class='ocrx_word' id='word_1_9' title='bbox 610 473 776 538; x_wconf 78' lang='lat' dir='ltr'>lenticulae</span> <span class='ocrx_word' id='word_1_10' title='bbox 807 474 1055 556; x_wconf 84' lang='lat' dir='ltr'><strong>concupiscentia</strong></span> <span class='ocrx_word' id='word_1_11' title='bbox 1084 474 1252 556; x_wconf 87' lang='lat' dir='ltr'><strong>deceptum</strong></span> <span class='ocrx_word' id='word_1_12' title='bbox 1291 478 1323 545; x_wconf 84' lang='lat' dir='ltr'><strong>et</strong></span> 
     </span>
     <span class='ocr_line' id='line_1_3' title="bbox 183 576 1322 662; baseline -0.003 -18"><span class='ocrx_word' id='word_1_13' title='bbox 183 580 286 644; x_wconf 90' lang='lat' dir='ltr'><strong>Dauid</strong></span> <span class='ocrx_word' id='word_1_14' title='bbox 319 583 445 662; x_wconf 87' lang='lat' dir='ltr'><strong>pmpter</strong></span> <span class='ocrx_word' id='word_1_15' title='bbox 475 594 572 660; x_wconf 85' lang='lat' dir='ltr'><strong>equae</strong></span> <span class='ocrx_word' id='word_1_16' title='bbox 603 577 787 640; x_wconf 88' lang='lat' dir='ltr'><strong>desiderium</strong></span> <span class='ocrx_word' id='word_1_17' title='bbox 819 593 838 640; x_wconf 87' lang='lat' dir='ltr'><strong>e</strong></span> <span class='ocrx_word' id='word_1_18' title='bbox 867 595 900 640; x_wconf 89' lang='lat' dir='ltr'><strong>se</strong></span> <span class='ocrx_word' id='word_1_19' title='bbox 929 577 997 659; x_wconf 89' lang='lat' dir='ltr'><strong>ipso</strong></span> <span class='ocrx_word' id='word_1_20' title='bbox 1029 576 1254 659; x_wconf 88' lang='lat' dir='ltr'><strong>reprehensum</strong></span> <span class='ocrx_word' id='word_1_21' title='bbox 1288 583 1322 642; x_wconf 90' lang='lat' dir='ltr'><strong>et</strong></span> 
     </span>
     <span class='ocr_line' id='line_1_4' title="bbox 182 680 1322 767; baseline -0.002 -21"><span class='ocrx_word' id='word_1_22' title='bbox 182 701 289 767; x_wconf 79' lang='lat' dir='ltr'><strong>regem</strong></span> <span class='ocrx_word' id='word_1_23' title='bbox 317 686 457 746; x_wconf 90' lang='lat' dir='ltr'><strong>nostrum</strong></span> <span class='ocrx_word' id='word_1_24' title='bbox 485 698 545 745; x_wconf 90' lang='lat' dir='ltr'><strong>non</strong></span> <span class='ocrx_word' id='word_1_25' title='bbox 570 698 671 760; x_wconf 88' lang='lat' dir='ltr'><strong>carne,</strong></span> <span class='ocrx_word' id='word_1_26' title='bbox 699 681 753 745; x_wconf 92' lang='lat' dir='ltr'><strong>sed</strong></span> <span class='ocrx_word' id='word_1_27' title='bbox 780 698 860 763; x_wconf 85' lang='lat' dir='ltr'><strong>pane</strong></span> <span class='ocrx_word' id='word_1_28' title='bbox 887 684 1085 763; x_wconf 79' lang='lat' dir='ltr'><strong>temptatum.</strong></span> <span class='ocrx_word' id='word_1_29' title='bbox 1131 680 1263 764; x_wconf 85' lang='lat' dir='ltr'><strong>ideoque</strong></span> <span class='ocrx_word' id='word_1_30' title='bbox 1288 686 1322 745; x_wconf 91' lang='lat' dir='ltr'><strong>et</strong></span> 
     </span>
     <span class='ocr_line' id='line_1_5' title="bbox 182 784 1320 870; baseline -0.001 -20"><span class='ocrx_word' id='word_1_31' title='bbox 182 786 315 870; x_wconf 87' lang='lat' dir='ltr'><strong>populus</strong></span> <span class='ocrx_word' id='word_1_32' title='bbox 334 786 364 849; x_wconf 95' lang='lat' dir='ltr'><strong>in</strong></span> <span class='ocrx_word' id='word_1_33' title='bbox 385 784 511 849; x_wconf 89' lang='lat' dir='ltr'><strong>heremo</strong></span> <span class='ocrx_word' id='word_1_34' title='bbox 534 801 596 848; x_wconf 93' lang='lat' dir='ltr'><strong>non</strong></span> <span class='ocrx_word' id='word_1_35' title='bbox 618 785 692 867; x_wconf 89' lang='lat' dir='ltr'><strong>quia</strong></span> <span class='ocrx_word' id='word_1_36' title='bbox 713 802 821 848; x_wconf 88' lang='lat' dir='ltr'><strong>carnes</strong></span> <span class='ocrx_word' id='word_1_37' title='bbox 844 784 1040 863; x_wconf 87' lang='lat' dir='ltr'><strong>desiderauit,</strong></span> <span class='ocrx_word' id='word_1_38' title='bbox 1064 784 1118 847; x_wconf 85' lang='lat' dir='ltr'><strong>sed</strong></span> <span class='ocrx_word' id='word_1_39' title='bbox 1137 784 1211 867; x_wconf 87' lang='lat' dir='ltr'><strong>qnia</strong></span> <span class='ocrx_word' id='word_1_40' title='bbox 1226 802 1320 849; x_wconf 88' lang='lat' dir='ltr'><strong>escae</strong></span> 
     </span>
     <span class='ocr_line' id='line_1_6' title="bbox 182 887 1362 970; baseline 0 -15"><span class='ocrx_word' id='word_1_41' title='bbox 182 889 335 955; x_wconf 88' lang='lat' dir='ltr'><strong>desiderio</strong></span> <span class='ocrx_word' id='word_1_42' title='bbox 359 889 507 953; x_wconf 88' lang='lat' dir='ltr'><strong>aduersus</strong></span> <span class='ocrx_word' id='word_1_43' title='bbox 530 887 690 954; x_wconf 91' lang='lat' dir='ltr'><strong>dominum</strong></span> <span class='ocrx_word' id='word_1_44' title='bbox 714 887 930 968; x_wconf 70' lang='lat' dir='ltr'><strong>murmurant,</strong></span> <span class='ocrx_word' id='word_1_45' title='bbox 954 887 1068 952; x_wconf 88' lang='lat' dir='ltr'><strong>meruit</strong></span> <span class='ocrx_word' id='word_1_46' title='bbox 1089 887 1257 970; x_wconf 79' lang='lat' dir='ltr'><strong>inprobari.</strong></span> <span class='ocrx_word' id='word_1_47' title='bbox 1352 917 1362 955; x_wconf 74' lang='lat' dir='ltr'><strong>s</strong></span> 
     </span>
    </p>

    <p class='ocr_par' dir='ltr' id='par_1_3' title="bbox 110 991 1364 2195">
     <span class='ocr_line' id='line_1_7' title="bbox 110 991 1319 1076; baseline 0 -19"><span class='ocrx_word' id='word_1_48' title='bbox 110 1003 149 1057; x_wconf 76' lang='lat'><strong>4⁷</strong></span> <span class='ocrx_word' id='word_1_49' title='bbox 227 993 263 1057; x_wconf 92' lang='lat' dir='ltr'><strong>ln</strong></span> <span class='ocrx_word' id='word_1_50' title='bbox 294 992 341 1058; x_wconf 90' lang='lat' dir='ltr'><strong>his</strong></span> <span class='ocrx_word' id='word_1_51' title='bbox 372 1011 445 1076; x_wconf 86' lang='lat' dir='ltr'><strong>ergo</strong></span> <span class='ocrx_word' id='word_1_52' title='bbox 475 991 730 1074; x_wconf 72' lang='lat' dir='ltr'><strong>temptationibus</strong></span> <span class='ocrx_word' id='word_1_53' title='bbox 760 992 878 1075; x_wconf 89' lang='lat' dir='ltr'><strong>positus</strong></span> <span class='ocrx_word' id='word_1_54' title='bbox 909 997 992 1055; x_wconf 86' lang='lat' dir='ltr'><strong>certo</strong></span> <span class='ocrx_word' id='word_1_55' title='bbox 1022 991 1134 1056; x_wconf 81' lang='lat' dir='ltr'><strong>cotidie</strong></span> <span class='ocrx_word' id='word_1_56' title='bbox 1164 992 1319 1057; x_wconf 76' lang='lat' dir='ltr'><strong>adderem</strong></span> 
     </span>
     <span class='ocr_line' id='line_1_8' title="bbox 183 1094 1318 1180; baseline 0 -20"><span class='ocrx_word' id='word_1_57' title='bbox 183 1097 466 1180; x_wconf 75' lang='lat' dir='ltr'><strong>concupiscentiam</strong></span> <span class='ocrx_word' id='word_1_58' title='bbox 494 1095 700 1160; x_wconf 81' lang='lat' dir='ltr'><strong>manducandi</strong></span> <span class='ocrx_word' id='word_1_59' title='bbox 728 1099 759 1159; x_wconf 89' lang='lat' dir='ltr'><strong>et</strong></span> <span class='ocrx_word' id='word_1_60' title='bbox 786 1094 926 1159; x_wconf 92' lang='lat' dir='ltr'><strong>bibendi:</strong></span> <span class='ocrx_word' id='word_1_61' title='bbox 959 1112 1019 1158; x_wconf 92' lang='lat' dir='ltr'><strong>non</strong></span> <span class='ocrx_word' id='word_1_62' title='bbox 1047 1094 1130 1159; x_wconf 91' lang='lat' dir='ltr'><strong>enim</strong></span> <span class='ocrx_word' id='word_1_63' title='bbox 1158 1096 1318 1177; x_wconf 90' lang='lat' dir='ltr'><strong>estquod</strong></span> 
     </span>
     <span class='ocr_line' id='line_1_9' title="bbox 184 1198 1318 1282; baseline -0.002 -18"><span class='ocrx_word' id='word_1_64' title='bbox 184 1201 280 1265; x_wconf 91' lang='lat' dir='ltr'><strong>semel</strong></span> <span class='ocrx_word' id='word_1_65' title='bbox 303 1200 480 1282; x_wconf 78' lang='lat' dir='ltr'><strong>praecidere</strong></span> <span class='ocrx_word' id='word_1_66' title='bbox 503 1204 535 1264; x_wconf 90' lang='lat' dir='ltr'><strong>et</strong></span> <span class='ocrx_word' id='word_1_67' title='bbox 556 1199 687 1263; x_wconf 88' lang='lat' dir='ltr'><strong>ulterius</strong></span> <span class='ocrx_word' id='word_1_68' title='bbox 711 1217 771 1262; x_wconf 91' lang='lat' dir='ltr'><strong>non</strong></span> <span class='ocrx_word' id='word_1_69' title='bbox 795 1199 947 1282; x_wconf 87' lang='lat' dir='ltr'><strong>attingere</strong></span> <span class='ocrx_word' id='word_1_70' title='bbox 969 1199 1144 1278; x_wconf 88' lang='lat' dir='ltr'><strong>decernam,</strong></span> <span class='ocrx_word' id='word_1_71' title='bbox 1173 1199 1258 1262; x_wconf 90' lang='lat' dir='ltr'><strong>sicut</strong></span> <span class='ocrx_word' id='word_1_72' title='bbox 1279 1198 1318 1262; x_wconf 92' lang='lat' dir='ltr'><strong>de</strong></span> 
     </span>
     <span class='ocr_line' id='line_1_10' title="bbox 183 1301 1317 1386; baseline -0.002 -18"><span class='ocrx_word' id='word_1_73' title='bbox 183 1303 348 1369; x_wconf 89' lang='lat' dir='ltr'><strong>concubitu</strong></span> <span class='ocrx_word' id='word_1_74' title='bbox 378 1305 475 1386; x_wconf 90' lang='lat' dir='ltr'><strong>potui.</strong></span> <span class='ocrx_word' id='word_1_75' title='bbox 521 1303 625 1385; x_wconf 89' lang='lat' dir='ltr'><strong>itaque</strong></span> <span class='ocrx_word' id='word_1_76' title='bbox 655 1302 735 1366; x_wconf 90' lang='lat' dir='ltr'><strong>freni</strong></span> <span class='ocrx_word' id='word_1_77' title='bbox 761 1303 897 1385; x_wconf 86' lang='lat' dir='ltr'><strong>gutturis</strong></span> <span class='ocrx_word' id='word_1_78' title='bbox 927 1305 1098 1385; x_wconf 87' lang='lat' dir='ltr'><strong>temperata</strong></span> <span class='ocrx_word' id='word_1_79' title='bbox 1128 1301 1317 1367; x_wconf 86' lang='lat' dir='ltr'><strong>relaxatione</strong></span> 
     </span>
     <span class='ocr_line' id='line_1_11' title="bbox 184 1405 1363 1488; baseline 0.002 -17"><span class='ocrx_word' id='word_1_80' title='bbox 184 1411 216 1472; x_wconf 88' lang='lat' dir='ltr'><strong>et</strong></span> <span class='ocrx_word' id='word_1_81' title='bbox 236 1408 452 1471; x_wconf 80' lang='lat' dir='ltr'><strong>constrictione</strong></span> <span class='ocrx_word' id='word_1_82' title='bbox 483 1406 607 1471; x_wconf 89' lang='lat' dir='ltr'><strong>tenendi</strong></span> <span class='ocrx_word' id='word_1_83' title='bbox 637 1410 718 1470; x_wconf 89' lang='lat' dir='ltr'><strong>sunt.</strong></span> <span class='ocrx_word' id='word_1_84' title='bbox 765 1409 797 1470; x_wconf 88' lang='lat' dir='ltr'><strong>et</strong></span> <span class='ocrx_word' id='word_1_85' title='bbox 824 1406 891 1487; x_wconf 86' lang='lat' dir='ltr'><strong>quis</strong></span> <span class='ocrx_word' id='word_1_86' title='bbox 919 1409 980 1484; x_wconf 83' lang='lat' dir='ltr'><strong>est,</strong></span> <span class='ocrx_word' id='word_1_87' title='bbox 1008 1405 1146 1485; x_wconf 88' lang='lat' dir='ltr'><strong>domine,</strong></span> <span class='ocrx_word' id='word_1_88' title='bbox 1175 1405 1316 1488; x_wconf 88' lang='lat' dir='ltr'><strong>quinon</strong></span> <span class='ocrx_word' id='word_1_89' title='bbox 1342 1435 1363 1474; x_wconf 84' lang='lat' dir='ltr'><strong>o</strong></span> 
     </span>
     <span class='ocr_line' id='line_1_12' title="bbox 183 1509 1316 1594; baseline -0.003 -18"><span class='ocrx_word' id='word_1_90' title='bbox 183 1511 322 1594; x_wconf 82' lang='lat' dir='ltr'><strong>rapiatur</strong></span> <span class='ocrx_word' id='word_1_91' title='bbox 351 1511 547 1594; x_wconf 82' lang='lat' dir='ltr'><strong>aliquantum</strong></span> <span class='ocrx_word' id='word_1_92' title='bbox 581 1515 668 1575; x_wconf 81' lang='lat' dir='ltr'><strong>extro</strong></span> <span class='ocrx_word' id='word_1_93' title='bbox 701 1515 800 1574; x_wconf 88' lang='lat' dir='ltr'><strong>metas</strong></span> <span class='ocrx_word' id='word_1_94' title='bbox 834 1509 1052 1573; x_wconf 78' lang='lat' dir='ltr'><strong>necessitatis?</strong></span> <span class='ocrx_word' id='word_1_95' title='bbox 1086 1509 1227 1592; x_wconf 88' lang='lat' dir='ltr'><strong>quisquis</strong></span> <span class='ocrx_word' id='word_1_96' title='bbox 1259 1514 1316 1590; x_wconf 87' lang='lat' dir='ltr'><strong>cst,</strong></span> 
     </span>
     <span class='ocr_line' id='line_1_13' title="bbox 184 1613 1318 1697; baseline 0.001 -19"><span class='ocrx_word' id='word_1_97' title='bbox 184 1632 317 1697; x_wconf 80' lang='lat' dir='ltr'><strong>magnus</strong></span> <span class='ocrx_word' id='word_1_98' title='bbox 337 1617 394 1694; x_wconf 83' lang='lat' dir='ltr'><strong>est,</strong></span> <span class='ocrx_word' id='word_1_99' title='bbox 409 1613 590 1697; x_wconf 85' lang='lat' dir='ltr'><strong>magnificet</strong></span> <span class='ocrx_word' id='word_1_100' title='bbox 608 1632 721 1679; x_wconf 89' lang='lat' dir='ltr'><strong>nomen</strong></span> <span class='ocrx_word' id='word_1_101' title='bbox 741 1617 840 1678; x_wconf 90' lang='lat' dir='ltr'><strong>tuum.</strong></span> <span class='ocrx_word' id='word_1_102' title='bbox 871 1631 928 1697; x_wconf 86' lang='lat' dir='ltr'><strong>ego</strong></span> <span class='ocrx_word' id='word_1_103' title='bbox 944 1616 1048 1677; x_wconf 89' lang='lat' dir='ltr'><strong>autem</strong></span> <span class='ocrx_word' id='word_1_104' title='bbox 1064 1631 1125 1678; x_wconf 92' lang='lat' dir='ltr'><strong>non</strong></span> <span class='ocrx_word' id='word_1_105' title='bbox 1141 1632 1222 1693; x_wconf 87' lang='lat' dir='ltr'><strong>sum,</strong></span> <span class='ocrx_word' id='word_1_106' title='bbox 1244 1615 1318 1696; x_wconf 83' lang='lat' dir='ltr'><strong>qnia</strong></span> 
     </span>
     <span class='ocr_line' id='line_1_14' title="bbox 184 1716 1318 1801; baseline 0.001 -21"><span class='ocrx_word' id='word_1_107' title='bbox 184 1721 326 1801; x_wconf 85' lang='lat' dir='ltr'><strong>peccator</strong></span> <span class='ocrx_word' id='word_1_108' title='bbox 354 1716 447 1780; x_wconf 92' lang='lat' dir='ltr'><strong>homo</strong></span> <span class='ocrx_word' id='word_1_109' title='bbox 477 1734 556 1780; x_wconf 89' lang='lat' dir='ltr'><strong>sum.</strong></span> <span class='ocrx_word' id='word_1_110' title='bbox 602 1716 657 1780; x_wconf 90' lang='lat' dir='ltr'><strong>scd</strong></span> <span class='ocrx_word' id='word_1_111' title='bbox 680 1721 789 1800; x_wconf 84' lang='lat' dir='ltr'><strong>elego</strong></span> <span class='ocrx_word' id='word_1_112' title='bbox 817 1716 981 1799; x_wconf 83' lang='lat' dir='ltr'><strong>magnifico</strong></span> <span class='ocrx_word' id='word_1_113' title='bbox 1008 1733 1121 1780; x_wconf 88' lang='lat' dir='ltr'><strong>nomen</strong></span> <span class='ocrx_word' id='word_1_114' title='bbox 1149 1720 1257 1797; x_wconf 87' lang='lat' dir='ltr'><strong>tunm,</strong></span> <span class='ocrx_word' id='word_1_115' title='bbox 1285 1720 1318 1781; x_wconf 87' lang='lat' dir='ltr'><strong>et</strong></span> 
     </span>
     <span class='ocr_line' id='line_1_15' title="bbox 184 1820 1317 1902; baseline 0.001 -19"><span class='ocrx_word' id='word_1_116' title='bbox 184 1820 404 1902; x_wconf 88' lang='lat' dir='ltr'><strong>interpellat</strong></span> <span class='ocrx_word' id='word_1_117' title='bbox 427 1823 462 1883; x_wconf 93' lang='lat' dir='ltr'><strong>te</strong></span> <span class='ocrx_word' id='word_1_118' title='bbox 485 1820 705 1901; x_wconf 85' lang='lat' dir='ltr'><strong>propeccatis</strong></span> <span class='ocrx_word' id='word_1_119' title='bbox 733 1821 810 1882; x_wconf 81' lang='lat' dir='ltr'><strong>ineis</strong></span> <span class='ocrx_word' id='word_1_120' title='bbox 837 1821 890 1900; x_wconf 88' lang='lat' dir='ltr'><strong>qui</strong></span> <span class='ocrx_word' id='word_1_121' title='bbox 913 1820 1006 1884; x_wconf 89' lang='lat' dir='ltr'><strong>uicit</strong></span> <span class='ocrx_word' id='word_1_122' title='bbox 1026 1820 1232 1900; x_wconf 89' lang='lat' dir='ltr'><strong>sacculum,</strong></span> <span class='ocrx_word' id='word_1_123' title='bbox 1257 1839 1317 1886; x_wconf 92' lang='lat' dir='ltr'><strong>nu·</strong></span> 
     </span>
     <span class='ocr_line' id='line_1_16' title="bbox 186 1921 1364 2007; baseline 0.005 -21"><span class='ocrx_word' id='word_1_124' title='bbox 186 1940 309 1987; x_wconf 88' lang='lat' dir='ltr'><strong>merans</strong></span> <span class='ocrx_word' id='word_1_125' title='bbox 328 1941 378 1986; x_wconf 92' lang='lat' dir='ltr'><strong>me</strong></span> <span class='ocrx_word' id='word_1_126' title='bbox 397 1922 478 1986; x_wconf 87' lang='lat' dir='ltr'><strong>inter</strong></span> <span class='ocrx_word' id='word_1_127' title='bbox 499 1921 622 1986; x_wconf 87' lang='lat' dir='ltr'><strong>infirma</strong></span> <span class='ocrx_word' id='word_1_128' title='bbox 645 1922 785 1986; x_wconf 84' lang='lat' dir='ltr'><strong>membru</strong></span> <span class='ocrx_word' id='word_1_129' title='bbox 808 1923 942 2005; x_wconf 88' lang='lat' dir='ltr'><strong>corporis</strong></span> <span class='ocrx_word' id='word_1_130' title='bbox 966 1923 1024 2003; x_wconf 88' lang='lat' dir='ltr'><strong>sui,</strong></span> <span class='ocrx_word' id='word_1_131' title='bbox 1047 1923 1121 2006; x_wconf 91' lang='lat' dir='ltr'><strong>quia</strong></span> <span class='ocrx_word' id='word_1_132' title='bbox 1142 1927 1174 1988; x_wconf 87' lang='lat' dir='ltr'><strong>et</strong></span> <span class='ocrx_word' id='word_1_133' title='bbox 1196 1925 1317 2007; x_wconf 92' lang='lat' dir='ltr'><strong>inpcr·</strong></span> <span class='ocrx_word' id='word_1_134' title='bbox 1340 1952 1364 1992; x_wconf 77' lang='lat' dir='ltr'><strong>u</strong></span> 
     </span>
     <span class='ocr_line' id='line_1_17' title="bbox 185 2025 1316 2105; baseline 0.003 -14"><span class='ocrx_word' id='word_1_135' title='bbox 185 2027 323 2091; x_wconf 87' lang='lat' dir='ltr'><strong>fectum</strong></span> <span class='ocrx_word' id='word_1_136' title='bbox 350 2026 416 2090; x_wconf 89' lang='lat' dir='ltr'><strong>eius</strong></span> <span class='ocrx_word' id='word_1_137' title='bbox 439 2026 613 2090; x_wconf 89' lang='lat' dir='ltr'><strong>uiderunt</strong></span> <span class='ocrx_word' id='word_1_138' title='bbox 639 2026 736 2090; x_wconf 88' lang='lat' dir='ltr'><strong>oculi</strong></span> <span class='ocrx_word' id='word_1_139' title='bbox 758 2025 826 2105; x_wconf 87' lang='lat' dir='ltr'><strong>tui,</strong></span> <span class='ocrx_word' id='word_1_140' title='bbox 854 2030 890 2090; x_wconf 91' lang='lat' dir='ltr'><strong>et</strong></span> <span class='ocrx_word' id='word_1_141' title='bbox 917 2027 952 2090; x_wconf 95' lang='lat' dir='ltr'><strong>in</strong></span> <span class='ocrx_word' id='word_1_142' title='bbox 976 2026 1070 2092; x_wconf 88' lang='lat' dir='ltr'><strong>libro</strong></span> <span class='ocrx_word' id='word_1_143' title='bbox 1099 2030 1161 2092; x_wconf 90' lang='lat' dir='ltr'><strong>tuo</strong></span> <span class='ocrx_word' id='word_1_144' title='bbox 1188 2045 1316 2098; x_wconf 88' lang='lat' dir='ltr'><strong>omnes</strong></span> 
     </span>
     <span class='ocr_line' id='line_1_18' title="bbox 188 2130 408 2195; baseline -0.005 0"><span class='ocrx_word' id='word_1_145' title='bbox 188 2130 408 2195; x_wconf 86' lang='lat' dir='ltr'><strong>scribentur.</strong></span> 
     </span>
    </p>

    <p class='ocr_par' dir='ltr' id='par_1_4' title="bbox 112 2233 1367 3151">
     <span class='ocr_line' id='line_1_19' title="bbox 112 2233 1317 2319; baseline 0.002 -20"><span class='ocrx_word' id='word_1_146' title='bbox 112 2244 152 2300; x_wconf 82' lang='lat'><strong>48</strong></span> <span class='ocrx_word' id='word_1_147' title='bbox 228 2234 359 2299; x_wconf 84' lang='lat' dir='ltr'>XXXII.</span> <span class='ocrx_word' id='word_1_148' title='bbox 383 2234 430 2298; x_wconf 90' lang='lat' dir='ltr'><strong>De</strong></span> <span class='ocrx_word' id='word_1_149' title='bbox 453 2234 608 2299; x_wconf 86' lang='lat' dir='ltr'><strong>inlecebra</strong></span> <span class='ocrx_word' id='word_1_150' title='bbox 627 2233 755 2298; x_wconf 87' lang='lat' dir='ltr'><strong>odorum</strong></span> <span class='ocrx_word' id='word_1_151' title='bbox 771 2252 831 2298; x_wconf 91' lang='lat' dir='ltr'><strong>non</strong></span> <span class='ocrx_word' id='word_1_152' title='bbox 848 2238 956 2319; x_wconf 69' lang='lat' dir='ltr'><strong>satago</strong></span> <span class='ocrx_word' id='word_1_153' title='bbox 972 2234 1078 2300; x_wconf 87' lang='lat' dir='ltr'><strong>nimis:</strong></span> <span class='ocrx_word' id='word_1_154' title='bbox 1101 2253 1173 2299; x_wconf 91' lang='lat' dir='ltr'><strong>cum</strong></span> <span class='ocrx_word' id='word_1_155' title='bbox 1188 2234 1317 2319; x_wconf 86' lang='lat' dir='ltr'><strong>absunt,</strong></span> 
     </span>
     <span class='ocr_line' id='line_1_20' title="bbox 186 2339 1318 2424; baseline 0.004 -22"><span class='ocrx_word' id='word_1_156' title='bbox 186 2356 247 2402; x_wconf 93' lang='lat' dir='ltr'><strong>non</strong></span> <span class='ocrx_word' id='word_1_157' title='bbox 269 2339 399 2420; x_wconf 87' lang='lat' dir='ltr'><strong>requiro,</strong></span> <span class='ocrx_word' id='word_1_158' title='bbox 422 2356 493 2401; x_wconf 90' lang='lat' dir='ltr'><strong>cnm</strong></span> <span class='ocrx_word' id='word_1_159' title='bbox 517 2342 635 2418; x_wconf 76' lang='lat' dir='ltr'><strong>meunt,</strong></span> <span class='ocrx_word' id='word_1_160' title='bbox 659 2355 720 2403; x_wconf 91' lang='lat' dir='ltr'><strong>non</strong></span> <span class='ocrx_word' id='word_1_161' title='bbox 736 2355 857 2420; x_wconf 87' lang='lat' dir='ltr'><strong>respuo,</strong></span> <span class='ocrx_word' id='word_1_162' title='bbox 880 2342 1006 2421; x_wconf 88' lang='lat' dir='ltr'><strong>paratus</strong></span> <span class='ocrx_word' id='word_1_163' title='bbox 1023 2339 1067 2402; x_wconf 88' lang='lat' dir='ltr'><strong>cis</strong></span> <span class='ocrx_word' id='word_1_164' title='bbox 1083 2339 1176 2403; x_wconf 82' lang='lat' dir='ltr'><strong>etiem</strong></span> <span class='ocrx_word' id='word_1_165' title='bbox 1191 2357 1318 2424; x_wconf 89' lang='lat' dir='ltr'><strong>semper</strong></span> 
     </span>
     <span class='ocr_line' id='line_1_21' title="bbox 185 2441 1367 2514; baseline 0.006 -9"><span class='ocrx_word' id='word_1_166' title='bbox 185 2459 299 2506; x_wconf 90' lang='lat' dir='ltr'><strong>carere.</strong></span> <span class='ocrx_word' id='word_1_167' title='bbox 344 2442 388 2504; x_wconf 85' lang='lat' dir='ltr'><strong>ita</strong></span> <span class='ocrx_word' id='word_1_168' title='bbox 417 2441 492 2504; x_wconf 90' lang='lat' dir='ltr'><strong>mibi</strong></span> <span class='ocrx_word' id='word_1_169' title='bbox 522 2441 642 2514; x_wconf 79' lang='lat' dir='ltr'><strong>uideor3</strong></span> <span class='ocrx_word' id='word_1_170' title='bbox 672 2442 800 2506; x_wconf 80' lang='lat' dir='ltr'><strong>forsitan</strong></span> <span class='ocrx_word' id='word_1_171' title='bbox 828 2441 926 2506; x_wconf 91' lang='lat' dir='ltr'><strong>fallar.</strong></span> <span class='ocrx_word' id='word_1_172' title='bbox 972 2449 1046 2506; x_wconf 92' lang='lat' dir='ltr'><strong>sunt</strong></span> <span class='ocrx_word' id='word_1_173' title='bbox 1072 2444 1155 2508; x_wconf 90' lang='lat' dir='ltr'><strong>enim</strong></span> <span class='ocrx_word' id='word_1_174' title='bbox 1182 2448 1214 2509; x_wconf 85' lang='lat' dir='ltr'><strong>et</strong></span> <span class='ocrx_word' id='word_1_175' title='bbox 1235 2445 1318 2511; x_wconf 73' lang='lat' dir='ltr'><strong>istae</strong></span> <span class='ocrx_word' id='word_1_176' title='bbox 1343 2473 1367 2512; x_wconf 70' lang='lat' dir='ltr'><strong>n</strong></span> 
     </span>
     <span class='ocr_line' id='line_1_22' title="bbox 185 2541 1319 2630; baseline 0.006 -23"><span class='ocrx_word' id='word_1_177' title='bbox 185 2542 377 2627; x_wconf 84' lang='lat' dir='ltr'><strong>plangendae</strong></span> <span class='ocrx_word' id='word_1_178' title='bbox 404 2541 565 2622; x_wconf 83' lang='lat' dir='ltr'><strong>tenebrae,</strong></span> <span class='ocrx_word' id='word_1_179' title='bbox 594 2543 625 2607; x_wconf 91' lang='lat' dir='ltr'><strong>in</strong></span> <span class='ocrx_word' id='word_1_180' title='bbox 653 2544 762 2624; x_wconf 88' lang='lat' dir='ltr'><strong>quibus</strong></span> <span class='ocrx_word' id='word_1_181' title='bbox 790 2563 840 2607; x_wconf 88' lang='lat' dir='ltr'><strong>me</strong></span> <span class='ocrx_word' id='word_1_182' title='bbox 867 2545 944 2609; x_wconf 88' lang='lat' dir='ltr'><strong>latet</strong></span> <span class='ocrx_word' id='word_1_183' title='bbox 970 2547 1102 2611; x_wconf 83' lang='lat' dir='ltr'><strong>facultas</strong></span> <span class='ocrx_word' id='word_1_184' title='bbox 1129 2564 1208 2627; x_wconf 86' lang='lat' dir='ltr'><strong>mea,</strong></span> <span class='ocrx_word' id='word_1_185' title='bbox 1235 2567 1319 2630; x_wconf 87' lang='lat' dir='ltr'><strong>quae</strong></span> 
     </span>
     <span class='ocr_line' id='line_1_23' title="bbox 185 2646 1320 2737; baseline 0.009 -29"><span class='ocrx_word' id='word_1_186' title='bbox 185 2646 217 2709; x_wconf 93' lang='lat' dir='ltr'><strong>in</strong></span> <span class='ocrx_word' id='word_1_187' title='bbox 240 2664 290 2709; x_wconf 92' lang='lat' dir='ltr'><strong>me</strong></span> <span class='ocrx_word' id='word_1_188' title='bbox 313 2650 370 2726; x_wconf 90' lang='lat' dir='ltr'><strong>est,</strong></span> <span class='ocrx_word' id='word_1_189' title='bbox 394 2650 428 2709; x_wconf 89' lang='lat' dir='ltr'><strong>ut</strong></span> <span class='ocrx_word' id='word_1_190' title='bbox 450 2646 573 2709; x_wconf 87' lang='lat' dir='ltr'><strong>animus</strong></span> <span class='ocrx_word' id='word_1_191' title='bbox 596 2665 684 2710; x_wconf 91' lang='lat' dir='ltr'><strong>meus</strong></span> <span class='ocrx_word' id='word_1_192' title='bbox 705 2647 743 2711; x_wconf 92' lang='lat' dir='ltr'><strong>de</strong></span> <span class='ocrx_word' id='word_1_193' title='bbox 762 2647 880 2711; x_wconf 86' lang='lat' dir='ltr'><strong>uiribus</strong></span> <span class='ocrx_word' id='word_1_194' title='bbox 899 2648 963 2712; x_wconf 90' lang='lat' dir='ltr'><strong>suis</strong></span> <span class='ocrx_word' id='word_1_195' title='bbox 982 2650 1048 2733; x_wconf 88' lang='lat' dir='ltr'><strong>ipso</strong></span> <span class='ocrx_word' id='word_1_196' title='bbox 1068 2670 1101 2714; x_wconf 90' lang='lat' dir='ltr'><strong>se</strong></span> <span class='ocrx_word' id='word_1_197' title='bbox 1120 2651 1320 2737; x_wconf 82' lang='lat' dir='ltr'><strong>interrogans</strong></span> 
     </span>
     <span class='ocr_line' id='line_1_24' title="bbox 187 2747 1320 2837; baseline 0.008 -25"><span class='ocrx_word' id='word_1_198' title='bbox 187 2767 247 2813; x_wconf 92' lang='lat' dir='ltr'><strong>non</strong></span> <span class='ocrx_word' id='word_1_199' title='bbox 270 2747 360 2812; x_wconf 86' lang='lat' dir='ltr'><strong>facile</strong></span> <span class='ocrx_word' id='word_1_200' title='bbox 384 2748 442 2812; x_wconf 88' lang='lat' dir='ltr'><strong>sibi</strong></span> <span class='ocrx_word' id='word_1_201' title='bbox 461 2749 646 2813; x_wconf 89' lang='lat' dir='ltr'><strong>credendum</strong></span> <span class='ocrx_word' id='word_1_202' title='bbox 664 2750 829 2832; x_wconf 85' lang='lat' dir='ltr'><strong>existimet,</strong></span> <span class='ocrx_word' id='word_1_203' title='bbox 852 2752 972 2835; x_wconf 75' lang='lat' dir='ltr'><strong>quidet</strong></span> <span class='ocrx_word' id='word_1_204' title='bbox 987 2754 1067 2836; x_wconf 91' lang='lat' dir='ltr'><strong>quod</strong></span> <span class='ocrx_word' id='word_1_205' title='bbox 1083 2755 1320 2837; x_wconf 88' lang='lat' dir='ltr'><strong>inestplemm·</strong></span> 
     </span>
     <span class='ocr_line' id='line_1_25' title="bbox 186 2853 1320 2937; baseline 0.009 -21"><span class='ocrx_word' id='word_1_206' title='bbox 186 2872 246 2934; x_wconf 92' lang='lat' dir='ltr'><strong>que</strong></span> <span class='ocrx_word' id='word_1_207' title='bbox 276 2853 431 2916; x_wconf 90' lang='lat' dir='ltr'><strong>occultum</strong></span> <span class='ocrx_word' id='word_1_208' title='bbox 458 2857 516 2933; x_wconf 82' lang='lat' dir='ltr'><strong>est,</strong></span> <span class='ocrx_word' id='word_1_209' title='bbox 546 2853 604 2917; x_wconf 92' lang='lat' dir='ltr'><strong>nisi</strong></span> <span class='ocrx_word' id='word_1_210' title='bbox 635 2854 822 2937; x_wconf 81' lang='lat' dir='ltr'><strong>experientia</strong></span> <span class='ocrx_word' id='word_1_211' title='bbox 844 2856 1059 2922; x_wconf 83' lang='lat' dir='ltr'><strong>manifestetur</strong></span> <span class='ocrx_word' id='word_1_212' title='bbox 1090 2863 1121 2922; x_wconf 92' lang='lat' dir='ltr'><strong>et</strong></span> <span class='ocrx_word' id='word_1_213' title='bbox 1147 2876 1240 2924; x_wconf 92' lang='lat' dir='ltr'><strong>nemo</strong></span> <span class='ocrx_word' id='word_1_214' title='bbox 1266 2878 1320 2926; x_wconf 87' lang='lat' dir='ltr'><strong>se·</strong></span> 
     </span>
     <span class='ocr_line' id='line_1_26' title="bbox 185 2956 1367 3046; baseline 0.012 -26"><span class='ocrx_word' id='word_1_215' title='bbox 185 2974 278 3020; x_wconf 89' lang='lat' dir='ltr'><strong>curus</strong></span> <span class='ocrx_word' id='word_1_216' title='bbox 294 2975 362 3020; x_wconf 88' lang='lat' dir='ltr'><strong>esse</strong></span> <span class='ocrx_word' id='word_1_217' title='bbox 378 2956 470 3020; x_wconf 91' lang='lat' dir='ltr'><strong>debet</strong></span> <span class='ocrx_word' id='word_1_218' title='bbox 484 2956 515 3020; x_wconf 93' lang='lat' dir='ltr'><strong>in</strong></span> <span class='ocrx_word' id='word_1_219' title='bbox 530 2957 591 3020; x_wconf 88' lang='lat' dir='ltr'><strong>ista</strong></span> <span class='ocrx_word' id='word_1_220' title='bbox 610 2958 684 3038; x_wconf 62' lang='lat' dir='ltr'><strong>uita</strong></span> <span class='ocrx_word' id='word_1_221' title='bbox 707 2976 784 3042; x_wconf 88' lang='lat' dir='ltr'><strong>quae</strong></span> <span class='ocrx_word' id='word_1_222' title='bbox 808 2963 885 3024; x_wconf 89' lang='lat' dir='ltr'><strong>tota</strong></span> <span class='ocrx_word' id='word_1_223' title='bbox 906 2961 1104 3044; x_wconf 88' lang='lat' dir='ltr'><strong>temptatio</strong></span> <span class='ocrx_word' id='word_1_224' title='bbox 1127 2962 1319 3046; x_wconf 84' lang='lat' dir='ltr'><strong>nominatur,</strong></span> <span class='ocrx_word' id='word_1_225' title='bbox 1345 2993 1367 3034; x_wconf 70' lang='lat' dir='ltr'><strong>s</strong></span> 
     </span>
     <span class='ocr_line' id='line_1_27' title="bbox 186 3058 1320 3151; baseline 0.009 -28"><span class='ocrx_word' id='word_1_226' title='bbox 186 3064 291 3125; x_wconf 87' lang='lat' dir='ltr'><strong>utrum</strong></span> <span class='ocrx_word' id='word_1_227' title='bbox 318 3060 370 3143; x_wconf 87' lang='lat' dir='ltr'><strong>qui</strong></span> <span class='ocrx_word' id='word_1_228' title='bbox 392 3058 457 3125; x_wconf 88' lang='lat' dir='ltr'><strong>fieri</strong></span> <span class='ocrx_word' id='word_1_229' title='bbox 480 3060 583 3151; x_wconf 84' lang='lat' dir='ltr'><strong>potuit</strong></span> <span class='ocrx_word' id='word_1_230' title='bbox 608 3080 645 3125; x_wconf 81' lang='lat' dir='ltr'><strong>ex</strong></span> <span class='ocrx_word' id='word_1_231' title='bbox 667 3062 818 3128; x_wconf 90' lang='lat' dir='ltr'><strong>deteriore</strong></span> <span class='ocrx_word' id='word_1_232' title='bbox 845 3065 964 3146; x_wconf 87' lang='lat' dir='ltr'><strong>melior,</strong></span> <span class='ocrx_word' id='word_1_233' title='bbox 992 3083 1053 3131; x_wconf 92' lang='lat' dir='ltr'><strong>non</strong></span> <span class='ocrx_word' id='word_1_234' title='bbox 1080 3065 1135 3130; x_wconf 82' lang='lat' dir='ltr'><strong>dat</strong></span> <span class='ocrx_word' id='word_1_235' title='bbox 1160 3067 1257 3132; x_wconf 87' lang='lat' dir='ltr'><strong>etiam</strong></span> <span class='ocrx_word' id='word_1_236' title='bbox 1280 3088 1320 3134; x_wconf 83' lang='lat' dir='ltr'><strong>ex</strong></span> 
     </span>
    </p>
   </div>
   <div class='ocr_carea' id='block_1_3' title="bbox 185 3280 1318 3523">
    <p class='ocr_par' dir='ltr' id='par_1_5' title="bbox 185 3280 1318 3523">
     <span class='ocr_line' id='line_1_28' title="bbox 291 3280 1318 3357; baseline 0.007 -18"><span class='ocrx_word' id='word_1_237' title='bbox 291 3282 317 3352; x_wconf 94' lang='lat' dir='ltr'><strong>l]</strong></span> <span class='ocrx_word' id='word_1_238' title='bbox 336 3280 369 3336; x_wconf 86' lang='lat' dir='ltr'><strong>cf.</strong></span> <span class='ocrx_word' id='word_1_239' title='bbox 383 3282 503 3348; x_wconf 79' lang='lat' dir='ltr'><strong>ch.25‚</strong></span> <span class='ocrx_word' id='word_1_240' title='bbox 517 3285 558 3339; x_wconf 81' lang='lat' dir='ltr'><strong>el.</strong></span> <span class='ocrx_word' id='word_1_241' title='bbox 610 3282 985 3355; x_wconf 76' lang='lat' dir='ltr'><strong>2]et.11Reg.23,15eqq.</strong></span> <span class='ocrx_word' id='word_1_242' title='bbox 1038 3288 1066 3357; x_wconf 83' lang='lat'><strong>3]</strong></span> <span class='ocrx_word' id='word_1_243' title='bbox 1086 3287 1119 3342; x_wconf 85' lang='lat' dir='ltr'><strong>cf.</strong></span> <span class='ocrx_word' id='word_1_244' title='bbox 1138 3287 1234 3344; x_wconf 82' lang='lat' dir='ltr'><strong>bletth.</strong></span> <span class='ocrx_word' id='word_1_245' title='bbox 1251 3293 1318 3355; x_wconf 67' lang='lat' dir='ltr'><strong>te.</strong></span> 
     </span>
     <span class='ocr_line' id='line_1_29' title="bbox 185 3368 1316 3523; baseline 0.01 -101"><span class='ocrx_word' id='word_1_246' title='bbox 185 3368 516 3523; x_wconf 46' lang='lat' dir='ltr'><strong>{gffofflmllblsqu</strong></span> <span class='ocrx_word' id='word_1_247' title='bbox 580 3371 624 3440; x_wconf 85' lang='lat' dir='ltr'><strong>lt]</strong></span> <span class='ocrx_word' id='word_1_248' title='bbox 642 3369 719 3424; x_wconf 82' lang='lat' dir='ltr'><strong>nom.</strong></span> <span class='ocrx_word' id='word_1_249' title='bbox 732 3373 758 3439; x_wconf 84' lang='grc'><strong>8,</strong></span> <span class='ocrx_word' id='word_1_250' title='bbox 771 3373 812 3426; x_wconf 80' lang='grc'><strong>34.</strong></span> <span class='ocrx_word' id='word_1_251' title='bbox 874 3371 912 3426; x_wconf 92' lang='lat' dir='ltr'><strong>Io.</strong></span> <span class='ocrx_word' id='word_1_252' title='bbox 927 3375 967 3436; x_wconf 88' lang='grc'><strong>16,</strong></span> <span class='ocrx_word' id='word_1_253' title='bbox 980 3375 1022 3428; x_wconf 86' lang='grc'><strong>33.</strong></span> <span class='ocrx_word' id='word_1_254' title='bbox 1079 3374 1123 3444; x_wconf 79' lang='grc'><strong>15]</strong></span> <span class='ocrx_word' id='word_1_255' title='bbox 1141 3375 1184 3430; x_wconf 84' lang='lat' dir='ltr'><strong>Pe.</strong></span> <span class='ocrx_word' id='word_1_256' title='bbox 1200 3377 1258 3441; x_wconf 80' lang='lat' dir='ltr'><strong>lea,</strong></span> <span class='ocrx_word' id='word_1_257' title='bbox 1273 3380 1316 3433; x_wconf 81' lang='lat'><strong>16.</strong></span> 
     </span>
    </p>
   </div>
   <div class='ocr_carea' id='block_1_4' title="bbox 190 3636 1320 3832">
    <p class='ocr_par' dir='ltr' id='par_1_6' title="bbox 190 3636 1320 3832">
     <span class='ocr_line' id='line_1_30' title="bbox 231 3636 1320 3747; baseline 0.013 -23"><span class='ocrx_word' id='word_1_258' title='bbox 231 3671 245 3724; x_wconf 95' lang='grc'>1</span> <span class='ocrx_word' id='word_1_259' title='bbox 264 3636 474 3737; x_wconf 63' lang='lat' dir='ltr'><strong>concupiscentie</strong></span> <span class='ocrx_word' id='word_1_260' title='bbox 492 3671 529 3725; x_wconf 99' lang='grc' dir='ltr'><em>Μ</em></span> <span class='ocrx_word' id='word_1_261' title='bbox 584 3673 601 3727; x_wconf 86' lang='grc'>2</span> <span class='ocrx_word' id='word_1_262' title='bbox 619 3639 676 3742; x_wconf 57' lang='lat' dir='ltr'><strong>ipsi</strong></span> <span class='ocrx_word' id='word_1_263' title='bbox 695 3674 721 3728; x_wconf 88' lang='lat' dir='ltr'><em>P</em></span> <span class='ocrx_word' id='word_1_264' title='bbox 780 3677 796 3730; x_wconf 88' lang='lat'><strong>3</strong></span> <span class='ocrx_word' id='word_1_265' title='bbox 814 3673 847 3729; x_wconf 90' lang='lat' dir='ltr'><strong>de</strong></span> <span class='ocrx_word' id='word_1_266' title='bbox 865 3690 942 3729; x_wconf 88' lang='lat' dir='ltr'><strong>carne</strong></span> <span class='ocrx_word' id='word_1_267' title='bbox 960 3683 985 3732; x_wconf 79' lang='lat' dir='ltr'><strong>ct</strong></span> <span class='ocrx_word' id='word_1_268' title='bbox 1003 3677 1035 3731; x_wconf 94' lang='lat' dir='ltr'><strong>de</strong></span> <span class='ocrx_word' id='word_1_269' title='bbox 1053 3694 1120 3747; x_wconf 89' lang='lat' dir='ltr'><strong>pauc</strong></span> <span class='ocrx_word' id='word_1_270' title='bbox 1138 3679 1320 3739; x_wconf 77' lang='lat' dir='ltr'><strong><em>BOFGHM</em></strong></span> 
     </span>
     <span class='ocr_line' id='line_1_31' title="bbox 190 3752 1313 3832; baseline 0.012 -24"><span class='ocrx_word' id='word_1_271' title='bbox 190 3752 333 3824; x_wconf 76' lang='lat' dir='ltr'><em>OPQVW</em></span> <span class='ocrx_word' id='word_1_272' title='bbox 342 3756 494 3824; x_wconf 78' lang='lat' dir='ltr'><strong>Eup.,edd.</strong></span> <span class='ocrx_word' id='word_1_273' title='bbox 557 3773 612 3812; x_wconf 84' lang='lat' dir='ltr'><strong>esse</strong></span> <span class='ocrx_word' id='word_1_274' title='bbox 631 3763 792 3829; x_wconf 84' lang='lat' dir='ltr'><strong>temptatum</strong></span> <span class='ocrx_word' id='word_1_275' title='bbox 810 3761 914 3832; x_wconf 77' lang='lat' dir='ltr'><strong>13qu</strong></span> <span class='ocrx_word' id='word_1_276' title='bbox 923 3764 980 3818; x_wconf 83' lang='lat' dir='ltr'><strong>edd.</strong></span> <span class='ocrx_word' id='word_1_277' title='bbox 1051 3764 1253 3821; x_wconf 80' lang='lat' dir='ltr'><strong>ldesidorauit</strong></span> <span class='ocrx_word' id='word_1_278' title='bbox 1271 3769 1313 3823; x_wconf 81' lang='grc' dir='ltr'><strong>Ρι</strong></span> 
     </span>
    </p>
   </div>
   <div class='ocr_carea' id='block_1_5' title="bbox 186 3840 1314 4108">
    <p class='ocr_par' dir='ltr' id='par_1_7' title="bbox 186 3840 1314 4108">
     <span class='ocr_line' id='line_1_32' title="bbox 186 3840 1314 3945; baseline 0.013 -23"><span class='ocrx_word' id='word_1_279' title='bbox 186 3864 313 3922; x_wconf 76' lang='grc' dir='ltr'><strong><em>5ᾱιῒιο</em></strong></span> <span class='ocrx_word' id='word_1_280' title='bbox 396 3869 654 3938; x_wconf 74' lang='lat' dir='ltr'><strong>lconcnpisoenties</strong></span> <span class='ocrx_word' id='word_1_281' title='bbox 676 3874 702 3928; x_wconf 88' lang='lat' dir='ltr'><em>V</em></span> <span class='ocrx_word' id='word_1_282' title='bbox 778 3840 939 3945; x_wconf 62' lang='lat' dir='ltr'><strong>Bpreldere</strong></span> <span class='ocrx_word' id='word_1_283' title='bbox 961 3876 999 3929; x_wconf 87' lang='lat' dir='ltr'><strong><em>W</em></strong></span> <span class='ocrx_word' id='word_1_284' title='bbox 1075 3877 1266 3932; x_wconf 75' lang='lat' dir='ltr'><strong>beoncubitni</strong></span> <span class='ocrx_word' id='word_1_285' title='bbox 1287 3881 1314 3937; x_wconf 82' lang='lat' dir='ltr'><em>G</em></span> 
     </span>
     <span class='ocr_line' id='line_1_33' title="bbox 187 3952 1311 4037; baseline 0.011 -28"><span class='ocrx_word' id='word_1_286' title='bbox 187 3955 216 4009; x_wconf 92' lang='lat' dir='ltr'><strong>ll</strong></span> <span class='ocrx_word' id='word_1_287' title='bbox 237 3952 430 4022; x_wconf 78' lang='lat' dir='ltr'><strong>aliquantulum</strong></span> <span class='ocrx_word' id='word_1_288' title='bbox 448 3957 507 4011; x_wconf 87' lang='lat' dir='ltr'><strong>edd.</strong></span> <span class='ocrx_word' id='word_1_289' title='bbox 572 3960 741 4012; x_wconf 82' lang='lat' dir='ltr'><strong>necessitates</strong></span> <span class='ocrx_word' id='word_1_290' title='bbox 761 3960 802 4014; x_wconf 88' lang='lat' dir='ltr'><strong>G¹</strong></span> <span class='ocrx_word' id='word_1_291' title='bbox 867 3963 899 4017; x_wconf 80' lang='lat'><strong>12</strong></span> <span class='ocrx_word' id='word_1_292' title='bbox 920 3977 1031 4029; x_wconf 77' lang='lat' dir='ltr'><strong>magnus</strong></span> <span class='ocrx_word' id='word_1_293' title='bbox 1049 3964 1101 4030; x_wconf 87' lang='lat' dir='ltr'><strong>(est</strong></span> <span class='ocrx_word' id='word_1_294' title='bbox 1117 3965 1179 4032; x_wconf 74' lang='lat' dir='ltr'><strong>oea.)</strong></span> <span class='ocrx_word' id='word_1_295' title='bbox 1198 3964 1311 4037; x_wconf 68' lang='lat' dir='ltr'><strong>GEup.</strong></span> 
     </span>
     <span class='ocr_line' id='line_1_34' title="bbox 188 4039 1313 4108; baseline 0.008 -12"><span class='ocrx_word' id='word_1_296' title='bbox 188 4041 220 4096; x_wconf 88' lang='grc'><strong>16</strong></span> <span class='ocrx_word' id='word_1_297' title='bbox 238 4039 306 4108; x_wconf 84' lang='lat' dir='ltr'><strong>eius]</strong></span> <span class='ocrx_word' id='word_1_298' title='bbox 324 4055 413 4094; x_wconf 87' lang='lat' dir='ltr'><strong>meum</strong></span> <span class='ocrx_word' id='word_1_299' title='bbox 433 4042 513 4098; x_wconf 81' lang='lat' dir='ltr'><strong>GMb</strong></span> <span class='ocrx_word' id='word_1_300' title='bbox 579 4046 610 4100; x_wconf 80' lang='lat'><strong>17</strong></span> <span class='ocrx_word' id='word_1_301' title='bbox 629 4044 781 4099; x_wconf 87' lang='lat' dir='ltr'><strong>scribuntur</strong></span> <span class='ocrx_word' id='word_1_302' title='bbox 803 4047 829 4101; x_wconf 88' lang='lat' dir='ltr'><em>V</em></span> <span class='ocrx_word' id='word_1_303' title='bbox 891 4050 922 4103; x_wconf 87' lang='grc'><strong>19</strong></span> <span class='ocrx_word' id='word_1_304' title='bbox 939 4048 1020 4102; x_wconf 85' lang='lat' dir='ltr'><strong>ctiam</strong></span> <span class='ocrx_word' id='word_1_305' title='bbox 1038 4049 1075 4102; x_wconf 87' lang='lat' dir='ltr'><strong>eia</strong></span> <span class='ocrx_word' id='word_1_306' title='bbox 1093 4051 1141 4104; x_wconf 74' lang='lat' dir='ltr'><strong>bea</strong></span> <span class='ocrx_word' id='word_1_307' title='bbox 1204 4051 1238 4106; x_wconf 77' lang='lat'><strong>20</strong></span> <span class='ocrx_word' id='word_1_308' title='bbox 1256 4050 1313 4105; x_wconf 90' lang='lat' dir='ltr'><strong>for·</strong></span> 
     </span>
    </p>
   </div>
   <div class='ocr_carea' id='block_1_6' title="bbox 186 4126 1315 4286">
    <p class='ocr_par' dir='ltr' id='par_1_8' title="bbox 186 4126 1315 4286">
     <span class='ocr_line' id='line_1_35' title="bbox 186 4126 1315 4206; baseline 0.013 -26"><span class='ocrx_word' id='word_1_309' title='bbox 186 4128 256 4180; x_wconf 81' lang='lat' dir='ltr'><strong>tasse</strong></span> <span class='ocrx_word' id='word_1_310' title='bbox 273 4144 322 4183; x_wconf 76' lang='lat' dir='ltr'><strong>mo</strong></span> <span class='ocrx_word' id='word_1_311' title='bbox 391 4126 469 4182; x_wconf 81' lang='lat' dir='ltr'><strong>rdlor</strong></span> <span class='ocrx_word' id='word_1_312' title='bbox 487 4130 523 4184; x_wconf 89' lang='grc' dir='ltr'><em>Μ</em></span> <span class='ocrx_word' id='word_1_313' title='bbox 532 4130 591 4185; x_wconf 83' lang='lat' dir='ltr'><strong>cdd.</strong></span> <span class='ocrx_word' id='word_1_314' title='bbox 661 4133 695 4187; x_wconf 81' lang='lat'><strong>22</strong></span> <span class='ocrx_word' id='word_1_315' title='bbox 713 4148 740 4186; x_wconf 85' lang='lat' dir='ltr'><strong>se</strong></span> <span class='ocrx_word' id='word_1_316' title='bbox 757 4134 851 4188; x_wconf 75' lang='lat' dir='ltr'><strong>och</strong></span> <span class='ocrx_word' id='word_1_317' title='bbox 917 4137 951 4190; x_wconf 79' lang='lat'><strong>26</strong></span> <span class='ocrx_word' id='word_1_318' title='bbox 968 4139 1058 4188; x_wconf 86' lang='lat' dir='ltr'><strong>utrum</strong></span> <span class='ocrx_word' id='word_1_319' title='bbox 1077 4136 1134 4206; x_wconf 83' lang='lat' dir='ltr'><strong>qui]</strong></span> <span class='ocrx_word' id='word_1_320' title='bbox 1159 4140 1265 4206; x_wconf 85' lang='lat' dir='ltr'><strong>utrunq.</strong></span> <span class='ocrx_word' id='word_1_321' title='bbox 1288 4141 1315 4195; x_wconf 95' lang='lat' dir='ltr'><em>V</em></span> 
     </span>
     <span class='ocr_line' id='line_1_36' title="bbox 186 4212 672 4286; baseline 0.014 -20"><span class='ocrx_word' id='word_1_322' title='bbox 186 4212 229 4282; x_wconf 85' lang='lat' dir='ltr'><strong>ex]</strong></span> <span class='ocrx_word' id='word_1_323' title='bbox 248 4216 275 4267; x_wconf 91' lang='lat' dir='ltr'><strong>et</strong></span> <span class='ocrx_word' id='word_1_324' title='bbox 296 4214 333 4269; x_wconf 82' lang='lat' dir='ltr'><strong><em>W</em></strong></span> <span class='ocrx_word' id='word_1_325' title='bbox 381 4213 428 4268; x_wconf 88' lang='lat' dir='ltr'><strong>flet</strong></span> <span class='ocrx_word' id='word_1_326' title='bbox 445 4217 480 4269; x_wconf 87' lang='grc' dir='ltr'><em>Μ</em></span> <span class='ocrx_word' id='word_1_327' title='bbox 529 4214 572 4286; x_wconf 88' lang='lat' dir='ltr'><strong>ex]</strong></span> <span class='ocrx_word' id='word_1_328' title='bbox 591 4215 672 4274; x_wconf 87' lang='lat' dir='ltr'><strong>deU</strong></span> 
     </span>
    </p>
   </div>
   <div class='ocr_carea' id='block_1_7' title="bbox 0 0 1453 4688">
    <p class='ocr_par' dir='ltr' id='par_1_9' title="bbox 0 0 1453 4688">
     <span class='ocr_line' id='line_1_37' title="bbox 0 0 1453 4688; baseline 0 0"><span class='ocrx_word' id='word_1_329' title='bbox 0 0 1453 4688; x_wconf 95' lang='lat' dir='ltr'><strong> </strong></span> 
     </span>
    </p>
   </div>
  </div>
 </body>
</html>
