2896 4688
368 298 608 353 confessionum
627 296 683 352 lib.
701 299 723 362 1,
741 315 763 353 c.
777 301 891 364 la-aa
913 299 949 365 11,
967 316 990 354 c.
1005 303 1078 356 1-2.
1243 285 1285 349 29

162 476 222 540 tias
251 474 317 554 tibi,
350 474 478 539 dulcedo
510 491 580 538 mea
609 477 639 539 et
668 473 765 538 honor
794 493 883 538 meus
910 478 942 539 et
966 473 1079 539 fiducia
1100 494 1179 555 moa,
1209 477 1284 539 dous

163 596 261 659 meus,
290 579 406 660 gratias
435 576 492 641 tibi
522 576 559 641 de
582 576 669 642 donis
692 577 768 651 tuis3
799 577 853 641 sed
875 580 910 641 tu
932 576 1010 640 milri
1032 595 1069 641 ea
1091 596 1189 642 seraa.
1242 578 1286 642 ita

163 683 245 746 enim
275 681 414 745 seruabis
443 699 503 760 me,
534 683 566 744 ct
587 679 782 765 augebuntur
804 683 836 745 et
856 680 1053 764 perficientur
1075 699 1153 764 quae
1175 681 1285 746 dedisti

163 786 248 865 milri,
272 790 303 849 et
326 802 377 849 ero
399 785 465 867 ipse
487 788 599 865 tecum,
622 785 695 868 quis
717 787 749 849 et
770 788 806 849 ut
827 785 887 849 sim
909 789 942 850 tu
965 785 1077 850 dedisti
1099 785 1183 850 mihi.

506 1216 651 1300 LIBER
685 1216 936 1300 SECVNDVS.

205 1409 231 1473 1.
249 1409 415 1474 Recordari
430 1410 499 1474 uolo
515 1414 688 1475 transactas
704 1410 865 1475 foeditates
880 1428 966 1474 meas
982 1414 1013 1475 et
1027 1412 1166 1476 carnales
1181 1430 1285 1476 corm-
1318 1439 1334 1492 1

163 1513 283 1596 ptiones
310 1514 431 1578 animae
454 1531 551 1595 meae,
582 1530 641 1578 non
665 1515 745 1597 quod
768 1533 820 1579 eas
843 1533 955 1594 amem,
985 1515 1040 1578 sed
1063 1519 1097 1579 ut
1119 1534 1221 1579 amem
1243 1520 1284 1596 te,

163 1616 237 1680 deus
260 1634 357 1680 meus.
403 1634 507 1681 amore
529 1618 643 1682 amoris
666 1619 711 1681 tui
733 1619 812 1682 facio
834 1619 924 1699 istac,
947 1620 1085 1683 recolens
1108 1619 1175 1683 uias
1198 1637 1283 1683 meas

162 1720 366 1801 nequissimas
389 1719 420 1785 iu
443 1721 647 1786 amaritudine
662 1722 890 1806 recogitationis
907 1741 1005 1803 meae,
1028 1727 1063 1787 ut
1077 1726 1110 1787 tu
1126 1723 1283 1787 dulcescas

110 1848 136 1887 ro
162 1824 247 1904 mihi,
274 1823 402 1888 dulcedo
428 1843 491 1889 nou
513 1826 615 1906 fallax,
642 1825 769 1889 dulcedo
792 1827 864 1890 felix
887 1831 918 1890 et
940 1845 1057 1903 secura,
1085 1830 1116 1890 et
1137 1827 1283 1911 colligens

160 1946 211 1990 me
233 1945 252 1990 a
274 1927 471 2011 dispersione,
494 1930 525 1993 in
548 1948 609 2010 qua
631 1930 788 1994 frustatim
811 1930 958 1995 discissus
975 1949 1055 2010 sum,
1079 1931 1151 1995 dam
1168 1930 1206 1994 ab
1224 1948 1284 1994 uno

161 2036 191 2095 te
214 2048 341 2096 auersas
363 2033 395 2096 in
418 2033 517 2098 mults
539 2034 661 2098 euanui.
707 2034 807 2098 exarsi
831 2034 914 2098 euim
936 2034 1101 2116 aliquando
1118 2034 1223 2098 satiari
1237 2035 1285 2097 Iu·

160 2135 232 2198 ieris
255 2136 286 2199 in
309 2135 518 2201 adulescentia
540 2140 571 2201 et
593 2137 758 2201 silaescere
779 2155 872 2202 ausus
888 2156 959 2202 sum
975 2138 1068 2201 uariis
1084 2142 1115 2202 et
1128 2137 1283 2202 umbrosIs

159 2239 324 2319 amoribus,
353 2244 384 2304 et
410 2239 571 2304 contabuit
592 2241 708 2322 species
732 2258 804 2305 mea
825 2244 856 2305 et
878 2240 1040 2324 conputrui
1062 2257 1165 2304 coram
1188 2239 1283 2304 oculis

112 2368 138 2408 rs
161 2343 222 2406 tuis
244 2343 370 2426 placens
393 2343 470 2408 mihi
493 2347 524 2408 et
545 2344 665 2428 placere
688 2344 815 2428 cupiens
838 2345 935 2409 oculis
957 2343 1129 2409 homiuum.

201 2446 242 2511 II.
264 2446 305 2511 Et
327 2447 399 2531 quid
422 2453 497 2528 erat,
521 2448 600 2531 quod
623 2467 673 2513 me
695 2447 879 2529 delectabat,
902 2448 961 2512 uisi
983 2465 1087 2516 amare
1110 2452 1142 2513 et
1163 2448 1282 2512 amari?
1317 2455 1334 2510 a

158 2551 213 2613 sed
242 2569 303 2615 non
332 2552 497 2616 tenebatur
524 2553 633 2617 modus
656 2551 695 2617 ab
719 2553 823 2618 animo
845 2570 944 2635 usque
967 2552 1005 2615 ad
1027 2551 1176 2633 animum,
1207 2569 1283 2634 qua-

201 2845 359 2898 Rssmsm
377 2844 415 2898 W
461 2844 612 2901 adnoW
659 2849 721 2902 let
738 2847 780 2916 ut]
799 2848 873 2901 utet
894 2847 924 2915 0,
942 2850 974 2901 ut
992 2846 1092 2902 GMV¹
1145 2851 1175 2901 tu
1193 2846 1283 2916 osaQ

159 2928 237 2997 mihi]
260 2944 294 2982 m
312 2944 390 2982 amen
415 2929 466 2985 CF
531 2930 702 2986 EXPLICIT
724 2931 838 2986 LIBER
860 2932 993 2987 PRIMVS
1020 2931 1282 2989 CCNEESSIONIS

158 3013 220 3080 (VII
240 3015 316 3083 CW)
333 3013 470 3070 INCIPIT
488 3014 597 3069 LIBER
615 3006 803 3071 SECVNDVS
826 3018 913 3073 OSW
961 3018 1075 3088 Explicit
1096 3018 1164 3073 liber
1180 3018 1282 3087 primus

157 3099 257 3170 Incipit
273 3100 466 3155 confessionum
485 3099 552 3155 liber
569 3100 698 3156 secundas
718 3103 752 3171 θ,
770 3102 862 3172 Explid
880 3090 946 3158 coni
957 3103 996 3158 lio
1014 3103 1036 3170 1,
1057 3104 1158 3174 Incipit
1178 3104 1242 3158 item
1253 3104 1282 3158 11

161 3187 191 3256 V,
214 3187 328 3256 Explicit
348 3186 416 3241 liber
438 3187 546 3257 primus.
576 3188 675 3258 Iuprit
696 3187 764 3242 liber
785 3188 915 3243 secundus
933 3190 1024 3257 ΒΘΗ,
1047 3188 1219 3245 Confessiontl
1240 3206 1283 3243 ex·

156 3272 231 3342 plicit
247 3272 315 3327 liber
331 3274 440 3342 primus.
463 3273 562 3344 Incipit
579 3273 709 3329 sccundus
727 3274 787 3345 Pp,
809 3273 909 3329 Aurelii
927 3273 1071 3343 Augustini
1089 3274 1282 3330 confessionum

156 3358 223 3412 liber
245 3361 346 3429 primus
368 3360 480 3429 explicit
508 3360 608 3430 Incipit
629 3359 759 3416 secundus
781 3361 816 3430 F,
838 3360 954 3430 Explicit
975 3358 1042 3414 libor
1059 3360 1080 3414 I.
1100 3361 1198 3431 Inalpit
1215 3360 1283 3416 liber

157 3445 349 3500 confessionam
367 3446 458 3501 aurelii
476 3451 536 3517 sug.
554 3453 596 3519 epu
614 3446 745 3502 sccundus
762 3448 800 3504 Μ
848 3451 864 3503 6
882 3446 1005 3501 foditatcs
1024 3449 1085 3514 HS,
1108 3447 1282 3505 iemdiiates

157 3530 217 3598 (cun
235 3534 299 3600 ros.)
316 3534 356 3598 W,
374 3533 525 3603 uoluptates
541 3536 567 3589 V
633 3537 648 3590 7
668 3550 699 3588 es
716 3535 744 3590 B
812 3549 933 3588 asturem
955 3534 986 3602 O,
1010 3549 1112 3588 *amem
1134 3533 1158 3602 (1
1172 3533 1236 3602 ras.)
1255 3535 1282 3590 B

156 3617 259 3672 8istuc
277 3619 306 3686 S,
325 3618 397 3673 istud
414 3627 470 3676 cett.
485 3627 508 3676 ct
525 3622 584 3676 edd.
646 3620 729 3689 meas]
747 3637 780 3675 ιω
797 3624 857 3674 tuas
876 3638 941 3677 coss.
955 3620 986 3675 F
1038 3620 1279 3691 9recogitationis]

156 3703 183 3771 gi
201 3706 232 3759 io
249 3722 301 3759 ros.
319 3706 349 3772 V,
367 3706 534 3774 cogitationis
550 3708 587 3763 W
637 3710 669 3762 lo
688 3706 801 3761 *Infelix
819 3708 882 3775 (non
899 3706 964 3776 ros.)
981 3707 1019 3762 W
1068 3709 1097 3764 ll
1117 3706 1145 3760 in
1164 3722 1216 3775 qua
1227 3725 1278 3764 om.

159 3788 205 3859 ρ’,
223 3791 250 3844 in
270 3806 337 3858 *qua
354 3792 373 3859 (i
391 3793 455 3862 ros.)
471 3795 508 3848 Μ
556 3793 708 3848 Iruestatim
727 3795 750 3858 (s
768 3795 833 3863 rus.)
854 3795 885 3861 0,
904 3793 1053 3848 frustratim
1069 3793 1188 3849 FM¹V¹
1240 3793 1280 3848 di·

155 3891 255 3931 scossus
277 3878 313 3931 V¹
385 3881 417 3933 12
439 3878 542 3949 inieris]
565 3881 592 3934 iu
614 3880 706 3934 inieris
730 3880 812 3951 Pon,
838 3880 947 3934 iuferius
978 3880 1002 3935 C
1068 3882 1101 3936 la
1122 3880 1162 3950 iu]
1186 3899 1235 3936 om.
1258 3881 1284 3936 V

155 3963 331 4017 sdclcsceutia
343 3963 567 4035 BC¹FGC²PQ,
579 3965 752 4020 aduliscentia
768 3969 810 4032 W,
822 3966 986 4021 adulcantias
999 3967 1024 4036 (s
1035 3967 1081 4023 alt.
1094 3967 1158 4023 odd.
1171 3985 1204 4022 ss.
1214 3968 1242 4036 2)
1257 3967 1284 4022 V

157 4048 304 4104 *umbrosis
321 4050 349 4116 (h
367 4052 477 4119 racto
536 4055 566 4107 11
585 4051 722 4106 umoribus
738 4055 774 4108 W
833 4054 997 4121 computrui*
1020 4053 1043 4108 C
1114 4055 1146 4109 16
1164 4069 1236 4109 eram
1254 4053 1284 4109 F

157 4137 238 4190 amari
264 4141 291 4190 et
317 4153 406 4190 amare
433 4140 460 4191 B
531 4142 561 4194 17
590 4154 641 4192 nou
666 4139 817 4209 tenebatur]
844 4139 1033 4194 contenebatur
1058 4140 1086 4195 B
1155 4141 1279 4209 quatinus
