2896 4688
184 271 259 327 xllx
659 276 830 328 Praefatio.

184 457 244 521 Vll
261 456 298 519 ad
315 455 502 519 cantandum
523 454 605 517 notis
621 453 747 518 musicis
763 471 856 534 supra
872 451 982 515 additis
1000 453 1204 535 transpositae
1221 456 1301 514 sunt.

183 560 308 639 moedit,
337 558 418 641 quod
441 557 585 623 librarius
608 556 658 620 uel
680 559 831 619 comestor
853 573 890 619 ea
911 554 1007 619 uerba
1029 555 1093 619 fere
1116 574 1237 638 semper
1258 556 1302 618 ita

182 664 370 743 immutabit,
393 667 428 726 ut
450 681 476 726 e.
496 681 541 745 gr.
562 678 617 743 pro
647 660 747 742 prima
777 677 907 741 persona
935 659 1059 723 tertiam
1088 658 1300 724 substitueret.

183 767 264 850 quod
293 786 364 831 eum
394 783 546 848 nusquam
576 764 608 827 in
638 763 835 846 suppelectile
866 765 971 827 critica
999 763 1221 843 adnotauerim‚
1252 762 1301 826 bie

182 890 243 936 uno
266 873 402 937 alterous
426 868 565 951 exemplo
593 868 686 932 allato
713 867 835 931 omissis
858 871 963 932 tamen
986 868 1066 932 notis
1089 867 1213 931 musicis
1232 866 1301 930 bre-

183 1020 262 1083 uiter
283 1017 453 1101 explicabo:
484 1014 554 1095 VH,
581 1012 629 1093 10,
655 970 693 1076 16
724 1015 767 1078 sic
789 1015 947 1098 leguntur:
979 1022 1008 1074 et
1029 1012 1155 1076 inuenit
1177 972 1223 1088 rie
1245 1035 1300 1075 ou-

182 1124 345 1250 pustiouip
375 1162 463 1249 ioppe
493 1183 537 1224 me
567 1182 630 1224 esse
660 1183 681 1222 u
713 1159 768 1223 deo
797 1160 834 1222 iu
864 1160 989 1246 rupious
1018 1157 1300 1222 dissimilitudinis

184 1329 343 1404 tamquam
365 1270 512 1393 audireris
534 1338 641 1380 uocem
664 1315 716 1380 dei
739 1315 776 1379 de
794 1315 913 1379 succiso
930 1320 962 1380 et
976 1335 1004 1397 q.
1021 1335 1067 1397 sq.
1085 1316 1161 1407 ,vlu
1180 1314 1228 1395 16,
1244 1313 1299 1378 22:

183 1476 268 1541 censi
291 1475 394 1562 ipitur
416 1485 445 1538 et
467 1485 615 1558 oupertus
636 1431 684 1557 ‘obi
706 1494 768 1536 ooo
791 1494 854 1536 erse
876 1471 996 1534 mirum
1011 1470 1096 1557 quod
1107 1469 1221 1557 palato
1237 1493 1299 1534 oon

182 1620 261 1662 cauo
278 1618 385 1683 poeno
407 1605 452 1660 est
471 1594 570 1681 panis
593 1595 650 1680 qui
676 1616 754 1658 cauo
784 1603 829 1657 ort
857 1593 973 1657 suauis
1004 1602 1033 1655 et
1062 1591 1164 1655 oculis
1193 1592 1299 1678 aspris

183 1710 295 1774 odiosa
318 1709 377 1773 lua
399 1730 480 1794 quac
500 1709 598 1794 puris
622 1716 666 1770 eet
689 1705 850 1770 amabilia.
875 1696 910 1767 V.
934 1706 1126 1789 (rubricata).
1161 1703 1299 1789 Propter

184 1814 357 1899 iniquitate
377 1813 570 1898 corripuisti
593 1812 746 1875 bominem
768 1821 797 1874 ct
819 1810 974 1874 tabescere
990 1808 1104 1894 fecisti
1126 1808 1210 1872 sicut
1226 1831 1299 1871 ara-

181 1992 272 2034 neam
293 1969 435 2034 unimam
458 1928 565 2033 m‘e'i'm.
600 1967 642 2031 Et
664 1967 776 2032 oculis.
810 1969 906 2033 uerba
927 1968 997 2033 iude
1018 1985 1036 2031 a
1049 1975 1184 2051 propter
1205 1966 1298 2030 libra·

182 2075 246 2140 rius
269 2074 427 2139 arbitrario
450 2094 486 2138 ex
508 2074 659 2155 scriptura
681 2091 769 2137 sacra
789 2073 914 2137 addidit.

224 2222 363 2287 Pertinet
384 2225 488 2287 autem
511 2219 538 2300 Q
560 2221 598 2284 ad
627 2220 776 2284 familiam
807 2221 1059 2303 interpolatorum
1089 2217 1237 2282 librorum
1268 2223 1299 2282 et

181 2326 226 2390 ita
246 2331 337 2408 plane
359 2326 390 2390 in
413 2325 573 2408 scripturis
596 2324 659 2388 suis
674 2342 693 2387 a
708 2324 810 2388 codice
832 2323 971 2388 Parisino
986 2322 1012 2387 P
1027 2321 1149 2404 pendet,
1172 2325 1207 2386 ut
1227 2340 1297 2386 eum

182 2430 232 2494 uel
262 2448 298 2493 ex
326 2429 378 2492 illo
404 2430 455 2492 uel
481 2447 497 2492 e
527 2428 686 2491 simillimo
716 2427 853 2492 eiusdem
882 2427 1017 2491 familiae
1045 2426 1125 2491 libro
1154 2444 1298 2490 manasse

182 2535 361 2616 scripturae,
391 2532 520 2614 quasin
544 2531 738 2596 adnotatione
760 2531 866 2596 critica
887 2530 999 2610 addidi,
1028 2533 1132 2614 aperte
1153 2530 1296 2594 indicent.

183 2655 274 2719 quam
297 2635 336 2700 ob
359 2654 425 2699 rem
447 2636 578 2718 priorem
601 2639 723 2699 tautum
744 2634 815 2698 libri
836 2639 957 2718 partem
980 2633 1091 2717 (usque
1118 2634 1156 2697 to
1182 2632 1296 2697 librum

182 2740 288 2822 VIIII)
310 2739 433 2803 assidue
458 2738 585 2823 perlegi,
614 2739 645 2802 in
676 2738 895 2822 posterioribus
925 2756 962 2802 ea
991 2742 1111 2802 tantum
1143 2736 1297 2816 adnotaui,

182 2861 259 2926 qnae
281 2847 335 2907 aut
356 2860 426 2906 cum
448 2842 587 2907 Parisino
610 2843 786 2907 eommunia
808 2843 902 2906 habet
924 2845 977 2906 aut
998 2849 1077 2923 quae
1100 2840 1138 2906 ab
1159 2859 1195 2905 eo
1210 2840 1297 2905 dilie-

182 2953 262 3013 runt.
299 2947 336 3011 ad
358 2947 545 3011 recensenda
567 2950 648 3010 certe
668 2946 764 3011 uerba
780 2945 1014 3011 Confessionum
1029 2945 1108 3010 liber
1123 2945 1297 3010 Meerman·

182 3053 293 3117 nianus
315 3051 400 3116 omni
422 3051 603 3115 auctoritate
625 3054 718 3114 caret.

224 3156 352 3221 Librum
374 3154 586 3220 Vindobonam
609 3153 828 3218 transmissum
850 3153 917 3235 ipse
939 3153 1064 3217 contuli.

139 3261 167 3324 D
223 3260 323 3326 codex
338 3259 530 3323 Parisinus
543 3278 573 3323 n.
585 3255 713 3336 lanan,
730 3258 803 3321 olim
812 3254 1005 3322 colbertinus
1014 3252 1108 3334 3275,
1117 3253 1192 3337 Reg.
1201 3250 1296 3330 4004,

183 3364 447 3442 membranaceus,
477 3362 590 3426 saeculi
612 3362 651 3441 Χ,
680 3361 822 3425 foliorum
856 3357 925 3438 198,
956 3358 1026 3423 inde
1055 3375 1074 3421 a
1102 3355 1175 3421 folio
1198 3353 1233 3417 2¹
1257 3354 1297 3418 ad

182 3467 290 3531 folium
324 3465 395 3528 198*
428 3468 564 3549 integras
595 3465 809 3530 Confessiones
839 3463 984 3528 continet
1030 3460 1186 3544 inscriptio
1215 3459 1296 3538 libri,

182 3587 260 3651 quae
283 3571 363 3633 sieut
385 3569 624 3651 subscriptiones
647 3569 796 3632 librorum
819 3566 930 3631 litteris
947 3563 1118 3629 uncialibus
1134 3562 1296 3627 rubricatis

182 3673 296 3754 scripta
318 3676 374 3751 est,
401 3673 478 3737 haec
501 3677 561 3736 est:
591 3679 631 3732 IN
649 3678 720 3734 Hoc
738 3675 899 3733 CORPORE
917 3673 1175 3731 conumuuuuu
1191 3673 1297 3728 AURE-

182 3781 232 3837 uu
250 3781 448 3838 AUGUSTINI
471 3781 741 3839 conunsslouuu
763 3755 823 3836 uTB
844 3778 994 3835 NUMERO
1012 3777 1086 3834 XIII.
1110 3768 1296 3852 Subscriptio

182 3885 244 3945 est:
268 3882 432 3943 EXPLICIT
450 3887 556 3941 LIBER
573 3884 843 3942 counusslouuu
861 3882 1007 3938 lusson
1024 3880 1220 3938 suousulul
1238 3853 1296 3933 n‘iu

182 3989 372 4048 ncclumnu
390 3990 612 4047 cnuuoulcnu
630 3989 729 4045 LIBRI
745 3987 895 4044 NUMERO
913 3987 988 4042 XIII.

226 4088 319 4154 (luins
334 4090 405 4153 libri
420 4090 496 4153 haec
511 4092 632 4152 tantum
648 4091 750 4170 capita
768 4086 952 4150 conferenda
971 4084 1091 4147 cursui:
1113 4082 1134 4146 1.
1150 4082 1175 4162 l,
1194 4078 1297 4143 1-12

184 4193 216 4280 (i.
234 4212 260 4256 e.
275 4194 376 4276 prima
403 4197 521 4276 septem
548 4192 648 4273 folia);
678 4191 721 4270 11,
747 4188 842 4264 1-5;
872 4190 910 4268 V,
933 4187 1031 4262 2-4;
1054 4185 1124 4266 VH,
1150 4184 1177 4249 1.
1193 4184 1227 4265 2,
1256 4185 1296 4263 X,
