2896 4688
265 211 306 272 56
653 223 677 276 S.
691 222 802 276 llureli
821 223 998 289 Augustini

194 408 231 460 14
308 402 393 463 Haec
421 417 476 481 ego
503 403 577 461 tunc
604 398 777 461 nesciebam
801 403 832 461 et
855 416 915 460 non
943 396 1154 475 aduertebam
1185 401 1216 459 et
1238 396 1393 460 feriebant

265 505 400 587 undique
428 504 488 567 ista
510 503 613 567 oculos
636 520 722 566 meos
746 508 778 566 et
800 520 861 566 non
883 499 1037 565 uidebant.
1084 505 1114 565 et
1135 499 1301 565 cantabam
1324 518 1394 564 car·

266 609 352 674 minc
374 612 405 672 et
427 627 488 672 non
512 606 588 671 mihi
610 605 723 670 licebat
743 623 857 688 ponere
878 605 990 689 pedem
1012 604 1184 686 quemlibet
1205 607 1235 668 et
1250 603 1393 685 ubilibet,

265 714 319 776 sed
341 715 371 775 in
395 713 454 776 alio
477 714 568 791 atque
591 710 649 773 alio
672 713 771 773 metro
793 709 881 773 aliter
901 713 994 790 atque
1013 709 1103 772 allier
1117 712 1149 771 et
1163 708 1195 772 in
1209 724 1271 772 uno
1286 708 1393 790 aliquo

266 835 356 879 uersu
372 833 433 879 non
449 813 593 878 omnibus
609 812 684 876 locis
700 813 833 876 eundem
848 810 972 895 pedem;
996 814 1028 874 et
1043 829 1093 874 ars
1114 811 1191 893 ipsa,
1215 829 1277 893 qua
1298 829 1393 876 cane-
1432 838 1446 879 s

264 919 348 999 bam,
368 937 429 982 non
445 915 581 981 habebat
595 915 678 979 aliud
694 913 779 995 alibi,
802 915 856 978 sed
871 914 977 979 omnia
990 914 1093 978 slmul.
1128 917 1158 978 el
1173 930 1234 977 non
1248 913 1394 978 intuebar

264 1023 426 1101 iustitiam,
449 1021 498 1083 eui
521 1020 673 1083 seruirent
694 1017 768 1082 boni
791 1022 823 1082 ct
844 1019 943 1083 sancti
960 1018 1112 1097 homines,
1133 1018 1225 1101 longe
1240 1018 1393 1082 excellan-

265 1126 327 1189 tius
357 1129 450 1205 atque
481 1121 642 1186 sublimius
673 1122 786 1186 babere
816 1122 911 1186 simul
940 1122 1044 1186 omnia
1073 1140 1151 1203 quae
1180 1121 1329 1204 praecipit
1358 1125 1393 1186 et

264 1228 350 1292 nulla
372 1245 408 1289 er
430 1229 518 1308 parte
533 1226 628 1304 uarie,
652 1229 757 1288 tamen
773 1226 867 1289 uariis
883 1225 1073 1307 temporibus
1089 1244 1150 1289 non
1165 1226 1270 1289 omnia
1284 1224 1391 1305 simul,

264 1332 319 1394 sed
340 1329 463 1412 propria
485 1328 722 1393 distribuentem
746 1346 781 1392 ac
795 1330 1041 1411 praecipientem.
1080 1333 1112 1392 et
1126 1327 1392 1410 reprehendebam
1419 1360 1446 1400 ιο

263 1453 372 1499 caecus
402 1435 469 1518 pios
498 1437 602 1517 patres
633 1450 693 1496 non
724 1433 835 1513 solum,
865 1435 946 1497 sicut
972 1434 1049 1496 deus
1076 1431 1198 1497 iuberet
1223 1437 1314 1515 atquc
1341 1434 1391 1497 in-

264 1540 404 1622 spiraret,
427 1542 549 1602 ntentes
571 1537 785 1620 praesentibus
810 1555 919 1601 uerum
942 1555 1074 1619 quoque,
1101 1538 1182 1601 sicut
1203 1537 1278 1601 deus
1300 1555 1391 1601 reue·

263 1644 351 1720 latet,
375 1642 480 1706 futura
501 1641 764 1723 praenuntiantes.

191 1754 229 1808 lo
306 1744 392 1808 VIII.
422 1743 580 1824 Numquid
607 1744 771 1825 aliquando
798 1747 852 1807 aut
876 1744 988 1808 alicubi
1019 1745 1168 1809 iniustum
1191 1747 1239 1807 est
1260 1743 1390 1826 diligere

265 1849 369 1911 deum
393 1866 432 1909 er
456 1850 533 1910 toto
556 1848 662 1911 corde
687 1852 722 1912 et
744 1867 783 1911 ex
805 1851 883 1911 tota
905 1848 1026 1911 anima
1048 1852 1145 1911 etex
1168 1850 1246 1912 tota
1268 1851 1390 1912 mente
1418 1878 1443 1917 u

264 1954 296 2014 et
318 1950 444 2033 diligere
467 1951 671 2032 proximum
695 1955 878 2033 tamquam
901 1955 936 2016 te
958 1952 1098 2033 ipsum?
1135 1951 1237 2032 itaque
1260 1949 1388 2034 flagitia,

264 2072 342 2135 quae
365 2061 438 2118 sunt
459 2058 566 2118 <eontra
588 2061 742 2134 naturam,
764 2054 879 2136 ubique
902 2073 937 2118 ac
960 2071 1081 2136 semper
1100 2053 1280 2118 detestanda
1295 2058 1389 2138 atque

262 2157 419 2239 punIende
448 2162 530 2238 sunt,
561 2159 664 2240 qualia
687 2157 914 2223 SodomItarum
943 2157 1077 2221 fuerunt.
1122 2176 1201 2238 quae
1231 2159 1257 2221 si
1279 2176 1388 2223 omnes

262 2264 370 2343 gentes
398 2262 544 2341 lacerent,
572 2263 678 2326 eodem
706 2263 842 2325 crimmis
869 2262 975 2325 diuina
1001 2262 1069 2346 lege
1099 2265 1287 2342 tenerentur,
1309 2280 1388 2344 quae

263 2383 322 2427 non
354 2367 397 2428 sic
428 2367 501 2430 fecit
532 2365 683 2445 homines,
714 2370 749 2428 ut
777 2366 835 2430 hoc
862 2385 895 2429 se
921 2369 1080 2432 uterentur
1104 2366 1201 2429 modo.
1255 2368 1389 2432 uiolatur
1415 2396 1443 2436 ao

263 2469 375 2551 quippe
399 2470 466 2552 ipsa
488 2471 628 2548 sucidae,
652 2487 821 2551 quaecum
846 2470 901 2533 deo
924 2469 1011 2533 nobis
1034 2488 1101 2533 esse
1125 2470 1226 2549 debet,
1249 2489 1320 2534 cum
1337 2489 1388 2535 ea·

263 2572 332 2635 dem
349 2580 468 2654 natura,
492 2575 578 2637 cuius
594 2573 646 2637 illc
662 2578 768 2637 auctor
784 2581 840 2653 cst,
864 2574 997 2637 libidinis
1013 2574 1214 2657 peruersitate
1229 2576 1385 2656 polluitur.

262 2694 340 2754 quae
368 2686 471 2740 autem
499 2681 606 2741 contra
633 2696 733 2741 mores
760 2677 920 2741 hominum
943 2682 1016 2741 suut
1033 2677 1161 2759 fragilla,
1186 2696 1241 2759 pro
1265 2697 1385 2742 morum

262 2779 439 2843 diuersitate
462 2780 590 2844 uitanda
612 2784 694 2861 sunt,
717 2784 752 2843 ut
773 2785 897 2861 paetum
920 2781 1001 2845 inter
1016 2800 1049 2845 se
1064 2781 1200 2845 cluitatis
1216 2786 1269 2845 eut
1283 2783 1385 2866 gentis

262 2883 481 2947 consuetudine
504 2886 554 2946 nel
577 2884 645 2966 lege
661 2885 817 2947 firmatum
834 2885 920 2949 nulla
934 2885 1008 2949 eiuls
1025 2890 1079 2949 aut
1093 2887 1246 2968 peregrini
1260 2886 1385 2950 libidine
1411 2914 1439 2954 aa

364 3028 407 3098 15]
427 3029 460 3082 ef.
478 3029 558 3082 Marc.
574 3032 613 3089 12,
626 3032 660 3084 30
673 3045 710 3098 aq.
729 3029 823 3084 Matth.
837 3032 880 3094 22,
891 3033 1000 3087 37-39.

305 3167 397 3236 lego]
416 3183 477 3235 ergo
493 3167 640 3238 FM¹O¹Q
696 3168 828 3222 nescibam
846 3169 888 3223 ΡΙ
945 3168 1096 3222 auertebam
1118 3170 1144 3222 V
1196 3167 1332 3221 aoeeulos
1351 3169 1388 3222 W

261 3256 277 3307 3
295 3252 360 3306 milri
379 3269 432 3307 non
454 3254 477 3308 0
527 3258 554 3306 et
572 3255 643 3310 SW:
660 3272 711 3314 om.
724 3254 1072 3323 BGFGHMOPQVedd.
1136 3256 1151 3307 5
1170 3251 1294 3317 eundem]
1312 3254 1384 3304 Itun-

261 3339 320 3390 dem
334 3340 360 3392 B
412 3346 465 3406 qua
479 3341 519 3408 W,
537 3355 588 3410 que
601 3341 632 3395 F
680 3339 842 3394 dbabebam
855 3341 892 3394 W
942 3344 969 3392 ct
986 3338 1050 3407 uon]
1069 3355 1119 3392 om.
1132 3338 1171 3391 W
1219 3334 1339 3388 Intuebat
1352 3336 1388 3389 W

261 3428 277 3478 8
299 3423 420 3477 sirblimie
444 3425 474 3478 F
538 3427 657 3494 preelpet
674 3426 717 3492 W,
744 3425 877 3494 praecepit
898 3422 1230 3492 BGFGHMPQmeo,
1252 3420 1386 3490 praecepit

261 3508 324 3560 dens
343 3511 352 3561 l
409 3510 529 3578 auarie]
547 3510 636 3563 alariae
656 3512 684 3578 S,
702 3510 798 3563 uarie&
816 3511 859 3579 W,
878 3510 974 3562 uariari
993 3513 1020 3562 et
1037 3507 1383 3577 BcFGHMOPQVeaa.

263 3596 294 3647 l0
312 3609 342 3645 ac
359 3594 575 3663 praecipIeutem]
593 3613 644 3649 om.
662 3597 687 3650 I'
738 3598 767 3651 ll
787 3595 900 3665 iuberet]
919 3597 936 3650 i.
949 3599 976 3650 et
988 3599 1091 3650 uanas
1106 3595 1130 3650 (I
1181 3597 1212 3650 14
1224 3595 1323 3648 iustum
1336 3593 1384 3649 M¹

262 3680 673 3750 mammaemammal>
728 3682 880 3736 aaaron*
930 3682 1128 3752 lbte]eeadd.
1184 3684 1213 3736 17
1227 3681 1388 3735 sunth

260 3765 417 3820 delectanda
442 3767 479 3836 ρ’
551 3771 583 3823 19
606 3768 724 3822 criminis
748 3769 820 3825 SW:
841 3785 877 3823 er.
895 3773 970 3823 reatu
993 3768 1246 3838 BOGHMOPQV
1259 3769 1326 3835 cdd„
1349 3783 1383 3821 cr.

260 3856 351 3907 raeatu
368 3853 399 3907 F
447 3857 480 3910 20
498 3855 547 3908 hoe
566 3871 592 3908 se
612 3856 685 3911 SW:
703 3872 730 3909 sc
748 3855 794 3909 illo
812 3856 1160 3926 BCFGHMOPQVedd.
1214 3855 1330 3908 ululatur
1341 3852 1383 3908 F¹

259 3941 291 3994 21
311 3939 419 4010 quippe]
438 3953 513 4009 ppr.
532 3959 565 3996 ex
582 3940 599 3994 d
618 3942 727 3997 coma*
776 3942 828 3996 iata
845 3944 882 3997 Μ
929 3943 1038 3997 sotietaa
1055 3943 1113 4011 ipsa
1130 3942 1160 3996 F
1212 3943 1246 3996 22
1264 3945 1340 3994 autor
1357 3940 1388 3994 F

259 4053 293 4105 24
311 4051 390 4120 inter]
410 4053 438 4106 in
456 4053 494 4108 W
559 4035 839 4121 au'(‘odd.m.2)0
907 4059 940 4110 25
963 4054 1150 4107 flrmamtum
1173 4054 1245 4121 (men
1266 4054 1331 4118 rua.)
1349 4051 1388 4105 W

260 4137 317 4206 aut]
335 4141 389 4206 atq3
412 4140 438 4193 V
486 4139 630 4208 peregrinis
648 4141 686 4194 W
