2896 4688
280 266 384 323 xxxii
755 285 928 339 Praefatio

279 458 432 521 codicibus
463 460 617 542 leguntur,
648 461 710 524 sere
742 461 818 525 haec
848 467 934 526 sunt:
966 464 990 543 Ι,
1017 462 1065 543 11,
1096 462 1133 526 18
1165 465 1207 548 (p.
1232 465 1280 545 17,
1303 467 1336 547 3)
1368 470 1401 533 in

279 562 421 626 omnibus
445 582 519 626 mss.
544 564 691 629 traditum
714 570 774 629 est:
799 575 827 626 et
850 575 971 627 rar-ram
989 588 1062 650 per
1085 588 1154 648 aas,
1184 568 1269 630 ande
1286 581 1401 655 postea

271 664 452 749 formarer,
476 689 569 751 quam
593 667 697 752 ipsam
719 668 886 753 imapinem
909 671 1096 733 committere
1111 670 1249 736 uolebat.
1284 677 1401 740 nemini

278 770 405 835 dubium
429 775 485 850 est,
509 772 581 853 quin
599 792 661 856 per
676 794 725 834 eos
741 778 917 855 corruptum
934 776 988 848 sit;
1010 776 1076 856 ipso
1092 777 1255 840 emendare
1271 782 1400 843 conatus

278 893 348 937 sum
371 874 508 939 scribens
527 875 647 959 potius.
671 913 712 921 —
736 877 760 956 I,
787 877 835 956 14,
859 875 901 940 23
923 877 966 961 (p.
984 875 1034 958 21,
1058 876 1092 959 9)
1115 886 1144 940 et
1159 900 1223 963 pau
1239 878 1334 964 (quae
1350 882 1401 946 uel

278 975 357 1061 qnia
380 980 429 1042 uel
452 977 510 1062 pm‘
532 980 671 1043 nonnulli
694 980 827 1062 codices)
850 1001 913 1041 non
935 990 1012 1043 essct
1033 985 1212 1064 corruptum
1235 1003 1303 1047 esse
1319 985 1401 1048 inter

278 1099 385 1145 omnes
416 1083 547 1146 editores
577 1087 705 1147 constat.
741 1085 822 1166 quod
852 1103 924 1150 uero
954 1084 1196 1150 substituerunt:
1228 1106 1309 1171 qaae
1336 1109 1400 1150 non

273 1204 398 1268 possen
426 1203 488 1250 non
518 1187 683 1260 satisfaciu
714 1188 780 1269 ipse
811 1189 969 1270 proposui:
998 1187 1036 1250 id
1056 1187 1142 1273 qaod
1162 1211 1225 1252 oon
1248 1200 1334 1254 maer.
1358 1229 1390 1239 -

278 1287 365 1370 VIII,
389 1287 419 1370 2,
442 1288 462 1352 3
485 1288 527 1373 (p.
547 1289 617 1370 172,
633 1291 667 1373 3)
690 1289 806 1375 quibus
826 1301 901 1354 tunc
917 1301 983 1355 tota
991 1289 1067 1375 fare
1085 1292 1230 1356 Romana
1244 1292 1400 1357 nobilitas

278 1389 394 1476 inflata
415 1391 565 1477 spirabat
584 1393 761 1479 popilien
784 1394 847 1456 iam
871 1404 900 1457 et
923 1394 1120 1482 omnipennm
1143 1395 1236 1458 deam
1257 1407 1401 1460 monstra

277 1497 309 1562 iu
331 1498 500 1581 potioribus
523 1498 609 1563 libris
633 1499 780 1562 traditum
804 1504 864 1572 est;
887 1498 1113 1564 amerbachius
1136 1504 1167 1564 et
1189 1499 1399 1567 Louanienses

278 1601 430 1665 medicina
451 1621 513 1666 non
535 1606 657 1684 reperta
672 1602 817 1666 mendum
834 1621 896 1668 non
911 1605 1119 1679 sustulerunt;
1143 1603 1279 1668 Maurini
1295 1623 1400 1670 ernen-

278 1704 412 1769 dationis
441 1707 586 1768 conatum
617 1708 865 1786 temptauerunt3
903 1709 935 1770 at
963 1707 1044 1788 quod
1078 1707 1268 1789 scripserunt
1300 1726 1399 1790 neque

278 1807 451 1872 litterarum
479 1807 583 1871 ductui
613 1809 779 1889 respondet
808 1827 906 1891 neque
936 1811 1108 1874 sententiae
1138 1811 1304 1885 satisfaciu
1332 1811 1396 1895 ipse

277 1911 380 1975 locum
407 1911 588 1977 emendasse
615 1912 691 1976 mibi
719 1913 833 1993 uideor,
864 1931 934 1976 curn
965 1914 996 1977 iu
1027 1915 1338 1979 commentationibus
1364 1913 1396 1978 in

277 2017 423 2081 honorem
455 2016 588 2081 Hartelii
621 2016 711 2081 editis
744 2017 910 2101 legendum
943 2036 1010 2082 esse
1044 2020 1204 2101 proposui:
1249 2015 1400 2103 spirabat

273 2118 462 2207 prodipa'a
485 2119 551 2182 iam
573 2129 602 2184 et
624 2120 823 2207 omnipotetem
846 2120 939 2184 deam
960 2129 1112 2185 monstra.
1136 2159 1176 2170 --
1193 2122 1295 2201 VIIII,
1312 2120 1342 2202 8,
1361 2120 1399 2184 18

278 2227 319 2308 (p.
338 2222 410 2307 212,
433 2224 467 2309 7)
490 2231 667 2308 corruptum
691 2228 757 2292 sine
780 2225 871 2291 dubio
903 2230 958 2307 est,
988 2227 1069 2308 quod
1100 2227 1129 2290 in
1161 2225 1304 2291 omnibus
1334 2226 1399 2290 fere

277 2331 431 2395 codicibus
452 2331 601 2413 scriptum
621 2333 747 2414 legitur:
772 2331 828 2416 qni
847 2329 944 2395 etiam
957 2352 1019 2415 per
1036 2329 1282 2415 praepositos
1305 2329 1400 2393 boni-

276 2454 332 2497 nes
362 2432 436 2496 boni
465 2432 596 2518 aliquid
625 2433 711 2519 apim
740 2435 870 2499 Arnaldi
903 2435 1094 2500 coniecturae
1130 2433 1314 2516 (permarros
1347 2433 1399 2497 uel

273 2537 513 2622 praeposteros)
545 2557 584 2602 ne
607 2537 757 2601 Maurinis
787 2539 912 2619 quidem
942 2539 1133 2620 placuerunt.
1172 2538 1238 2619 ipse
1264 2537 1400 2603 scriben-

278 2641 352 2704 dum
375 2661 442 2705 esse
465 2646 553 2724 puto:
588 2662 650 2726 per
673 2637 823 2726 reprobor
846 2641 994 2717 nominas,
1022 2642 1103 2706 siout
1124 2642 1155 2704 in
1179 2640 1286 2705 iisdem
1315 2658 1400 2705 oom-

278 2744 519 2808 mentationibus
542 2744 732 2809 Hartelianis
755 2745 889 2826 exposui.
912 2780 954 2791 -
977 2745 1048 2824 XII,
1064 2742 1115 2824 28,
1131 2741 1173 2805 38
1196 2741 1328 2824 (psee,
1347 2742 1400 2828 10)

278 2847 310 2911 iu
333 2846 477 2911 omnibus
499 2848 585 2911 libris
610 2866 684 2913 mss.
707 2848 857 2930 seriptum
881 2851 941 2912 est:
967 2845 1127 2931 pulchras
1149 2845 1400 2909 narrationes

272 2949 406 3035 faciant
437 2948 492 3012 ael
519 2949 714 3035 patientum
746 2951 826 3033 quod
860 2950 1023 3015 emendare
1057 2951 1120 3015 iam
1154 2948 1398 3016 bononiensibus

277 3055 416 3140 contigit,
439 3056 491 3137 qni
514 3054 702 3137 seripserunt
726 3053 938 3118 remotiones.

321 3159 469 3226 Omnium
498 3159 638 3225 codicum
668 3178 741 3224 mss.
766 3160 998 3241 antiquissimus
1026 3162 1057 3221 et
1079 3158 1213 3241 optimus
1236 3161 1284 3222 est
1305 3157 1398 3222 codex

278 3262 485 3346 Sessorium,
508 3263 621 3348 quippe
643 3264 695 3343 qui
718 3263 846 3327 minime
870 3261 1050 3345 corruptelis
1074 3265 1166 3343 atque
1189 3261 1398 3344 interpolatio-

278 3369 369 3433 nibus
392 3370 561 3451 temptatus
584 3367 632 3431 sit.
678 3367 765 3432 illum
793 3367 887 3450 igitur
917 3370 1077 3447 tamquam
1107 3365 1258 3447 optimum
1288 3365 1398 3429 ducem

278 3472 309 3535 in
343 3471 529 3536 recensendo
566 3475 659 3552 atque
695 3471 887 3552 ¹emendando
925 3470 1073 3551 scriptore
1110 3466 1223 3549 ubique
1257 3469 1398 3552 religiose

279 3584 402 3638 secutus
437 3592 515 3637 sunu.
562 3579 678 3639 ceteros
708 3579 812 3639 autern
843 3572 938 3638 libros
969 3591 1043 3636 mss.
1074 3570 1273 3635 multifariam
1303 3572 1399 3634 intor-

278 3676 464 3758 polationem
487 3695 594 3759 passos
618 3697 686 3742 esse
708 3696 802 3761 supra
823 3676 1041 3741 demonstraui.
1080 3694 1115 3738 er
1139 3674 1249 3756 quibus
1279 3674 1397 3737 oodioes

278 3778 359 3860 BPQ
388 3780 484 3861 isque,
518 3782 598 3845 unde
627 3780 853 3845 Amen-bachius
884 3779 1049 3845 editionem
1080 3778 1249 3861 prinoipem
1278 3774 1397 3858 petiuit,

279 3885 389 3947 artiore
412 3885 603 3967 cognationis
627 3885 750 3948 uinculo
771 3885 852 3948 iuter
874 3903 907 3947 se
928 3882 1082 3946 coniuncti
1098 3882 1136 3944 ad
1152 3899 1248 3944 unum
1264 3877 1398 3940 codicem

278 3993 448 4073 parentem,
471 3988 523 4070 qui
547 3992 578 4051 et
599 3988 665 4069 ipse
689 4006 723 4051 er
747 3988 798 4050 illo
822 3986 987 4069 archetypo
1007 3984 1033 4046 V
1051 3985 1099 4048 uel
1116 3983 1160 4046 VI
1182 3979 1296 4045 saeculi
1318 3975 1398 4038 dori·

279 4098 370 4158 uatus
394 4097 449 4172 est,
473 4093 612 4172 redeunt,
634 4090 746 4172 qnippe
770 4089 823 4171 qui
844 4088 986 4172 pluribus
1004 4104 1097 4170 quam
1113 4085 1208 4149 ceteri
1223 4101 1259 4147 ac
1274 4079 1398 4162 quidem

280 4199 388 4262 iisdem
410 4197 474 4261 fere
497 4194 785 4280 interpolationibus
807 4192 951 4276 temptati
973 4192 1044 4256 siut.
